3616 5678
56 1622 60 1629 *
142 1641 196 1683 :ixi

694 444 767 504 'IN
795 447 1035 506 PROVINCIA
1064 448 1264 515 ruscius„

616 1267 680 1341 ru
709 1266 1041 1383 enormem
1070 1240 1360 1391 rusciani

369 1611 420 1696 Iu
437 1625 640 1698 Ii’loreutiu
656 1626 780 1697 frater
790 1620 990 1702 Humilis
1006 1626 1054 1696 do
1070 1625 1229 1696 Pcrusio
1246 1627 1374 1698 multa
1388 1627 1584 1698 miracula
1597 1626 1706 1698 feeit.

86 1817 97 1834 ,
196 1823 200 1830 ,
263 1750 313 1821 In
344 1751 466 1822 istum
496 1751 677 1858 ordinem
707 1752 951 1832 intravitex
982 1738 1134 1822 Ohristi
1163 1752 1460 1836 adrnonitione;
1489 1766 1585 1823 n'am
1628 1753 1707 1823 exi-

213 1867 223 1883 ’
262 1880 391 1947 stente
421 1899 466 1956 eo
495 1877 536 1947 in
566 1899 714 1970 magna
741 1878 851 1948 fama
879 1876 1104 1948 sanctitatis
1132 1877 1321 1970 apparuit
1349 1877 1384 1948 ei
1424 1876 1609 1949 Christus
1648 1877 1708 1948 di-

262 2023 375 2071 ceus:
398 2030 414 2068 ‹<
432 2000 649 2095 Ingredere
663 2002 706 2073 in
722 2003 902 2101 ordinem
920 2003 1136 2072 minorum.
1155 2001 1250 2075 »Et
1264 2002 1333 2073 ille
1349 2001 1608 2095 respondite«
1626 2001 1709 2072 Do·
1763 2009 1767 2019 '

262 2126 384 2216 mine,
414 2148 535 2220 quam
564 2127 689 2198 vitam
719 2127 842 2198 debeo
871 2127 926 2199 ibi
956 2125 1119 2198 teneretl
1151 2153 1167 2192 ›>
1202 2127 1257 2198 ut
1278 2125 1462 2219 Christus
1481 2127 1706 2220 respondit:

268 2279 285 2320 ‹<
316 2251 469 2323 {leneas
497 2252 622 2324 vitam
654 2275 923 2340 communem,
943 2253 1075 2346 fugias
1094 2254 1238 2324 fratres
1258 2256 1298 2323 et
1317 2274 1398 2351 non
1411 2251 1439 2344 'j
1448 2251 1580 2322 udiees
1609 2251 1709 2329 alios

63 2417 73 2438 ι
174 2387 177 2393 “
262 2378 406 2448 fratres
435 2378 483 2449 de
511 2378 629 2448 factis
657 2401 808 2449 eorum.
840 2405 857 2445 >›
878 2374 903 2418 “l

371 2566 514 2637 Frater
532 2555 775 2643 Aeellrsills
789 2567 932 2657 laicus,
953 2567 1015 2637 vir
1034 2569 1195 2639 sanctus
1215 2570 1254 2638 et
1273 2565 1520 2656 infirmarius
1539 2545 1709 2636 couren-

200 2786 207 2796 ἱ
265 2699 344 2780 tus3
375 2691 505 2762 multa
535 2691 728 2763 miracula
747 2693 843 2763 fecit
863 2695 903 2763 et
921 2692 1027 2764 inter
1047 2692 1126 2763 alia
1146 2673 1324 2786 Virgine
1339 2690 1471 2762 Maria
1490 2673 1714 2784 apparente·

264 2816 339 2887 sibi
368 2816 665 2887 consolabiliter
693 2817 734 2887 in
764 2811 917 2910 capella
945 2816 1197 2888 infirmorum
1228 2800 1457 2887 Florentiae
1484 2815 1535 2900 ad
1565 2815 1709 2886 elamo-

175 2941 179 2948 ’
264 2964 348 3012 rem
377 2945 417 3012 et
445 2941 682 3035 petitionem
711 2941 920 3036 eujusdam
942 2941 1107 3031 infirmi,
1128 2941 1442 3036 quemhabebat
1461 2941 1502 3011 in
1523 2957 1631 3029 cura,
1652 2940 1709 3011 di-

263 3066 376 3137 misit
404 3065 623 3161 Virginem
651 3064 825 3136 Mariam
846 3065 1140 3160 colloquentem
1162 3065 1235 3148 sibi
1257 3069 1297 3137 et
1316 3065 1391 3136 ivit
1410 3066 1460 3136 ad
1481 3064 1707 3152 infirmium

263 3192 366 3285 quod
397 3194 555 3284 gratum
587 3191 738 3262 liabens
767 3189 897 3285 Virgo
925 3191 1072 3262 iterum
1103 3190 1307 3262 consolata
1331 3194 1393 3269 ‚est
1422 3213 1527 3261 eum.

371 3378 438 3449 Fr.
468 3373 740 3456 Benedictus
769 3378 894 3449 laicus
922 3379 970 3449 de
999 3377 1169 3472 Mupctlo
1197 3377 1327 3481 multa
1363 3365 1559 3448 miracula
1596 3377 1709 3448 fecit.

371 3533 421 3636 In
438 3564 574 3637 sireir'o
588 3567 713 3652 frater
732 3560 1004 3642 Benedictus
1024 3565 1152 3637 socius
1172 3564 1220 3636 B.
1237 3564 1459 3653 Francisci3
1476 3564 1552 3674 lric
1565 3564 1713 3636 ductus

263 3691 343 3762 fuit
372 3691 413 3761 in
442 3691 527 3762 rita
546 3710 618 3762 sua
639 3691 688 3761 ab
708 3689 849 3783 angelo
878 3690 928 3761 ad
956 3687 1189 3783 paradisum
1210 3689 1443 3760 deliciarum
1465 3691 1712 3779 terrestrem,

264 3816 333 3887 ubi
361 3816 464 3887 vidit
493 3815 666 3887 Henoch
695 3819 736 3886 et
764 3814 900 3886 Eliam
929 3815 1140 3908 loquentes
1168 3836 1315 3885 secum.
1383 3911 1385 3913 -

370 3974 482 4025 vm.
502 3974 563 4026 Ine.
586 3972 766 4026 «Mirabilis
780 3986 897 4040 semper
915 3971 997 4024 Deus
1016 3971 1048 4023 in
1067 3954 1178 4024 sanctis
1191 3970 1254 4023 suis
1267 3987 1293 4022 ›>.
1314 4000 1349 4007 -
1367 3968 1435 4023 Des,
1457 3968 1521 4022 «In
1535 3983 1595 4038 quo
1608 3984 1715 4026 mense

263 4073 442 4126 obdormivit
460 4072 492 4124 in
511 4071 763 4136 Dominobeatus
782 4069 962 4124 Benedictus
988 4067 1290 4122 an1101242».M2'sr.
1313 4069 1433 4132 Frena,
1454 4071 1475 4122 t.
1498 4083 1556 4122 rur
1576 4083 1626 4136 pg.
1647 4068 1713 4136 6-83

263 4175 402 4241 excerpta
421 4173 452 4224 in
475 4171 581 4224 Cicron.
604 4186 679 4224 xxiv
697 4185 775 4238 peu„
797 4165 847 4238 pg'.
869 4168 931 4222 224.

370 4271 475 4323 socius
495 4271 523 4321 S.
542 4269 713 4322 Francisci:
734 4268 866 4321 Tironis
886 4267 1008 4322 Tuscus
1029 4266 1048 4320 i.
1070 4283 1095 4320 c.
1117 4282 1165 4335 pg.
1188 4259 1458 4355 52231Bpnruou1
1479 4280 1528 4334 pg.
1550 4264 1584 4316 el
1604 4270 1634 4319 et
1647 4265 1712 4320 aiii.

366 4489 392 4543 o)
406 4485 489 4534 Oxon.
508 4485 593 4546 primo
607 4483 664 4532 ioco
674 4481 768 4530 habet:
783 4483 880 4529 «Pisis
897 4481 977 4530 frater
989 4481 1089 4530 Petrus
1106 4480 1216 4540 Inferis,
1229 4478 1381 4528 avunculus
1393 4478 1464 4541 regis
1477 4479 1638 4542 aragoniae,
1650 4492 1715 4529 con·

262 4566 427 4628 sanguineus
444 4565 514 4626 regis
531 4563 659 4612 Franciae
676 4566 702 4610 et
720 4565 795 4624 pater
811 4561 920 4623 reginae
937 4559 1020 4623 Cipri,
1033 4559 1163 4628 pluribus
1179 4560 1258 4608 annis
1275 4561 1367 4608 sancte
1384 4559 1478 4609 vivens
1495 4559 1522 4607 in
1535 4559 1633 4608 ordine
1651 4566 1716 4622 post

264 4645 362 4694 multas
379 4644 486 4693 divinas
503 4645 530 4692 in
547 4644 604 4692 suis
616 4641 786 4691 'orationibus
803 4640 981 4691 revelationes
997 4643 1087 4688 sancte
1104 4639 1208 4701 quievit
1220 4638 1373 4688 virtutihus
1390 4651 1566 4702 coruscans».

371 4853 532 4907 1Tnonss
552 4852 675 4907 Tuscus
696 4851 714 4904 l.
736 4854 761 4904 e‘.
784 4851 820 4904 ad
841 4848 1038 4903 annum1268
1058 4851 1119 4917 (pg.
1141 4846 1220 4912 522):
1241 4845 1381 4908 «Quarto
1399 4845 1446 4899 vel
1468 4846 1574 4914 quinto
1587 4846 1715 4924 diean-

263 4948 383 5011 tequam
402 4944 485 4997 fieret
497 4943 620 5001 bellurn.
641 4943 700 4996 duo
719 4942 823 4995 fratres
843 4956 895 5009 pro
914 4930 1044 5008 negotio
1059 4936 1188 5007 quodam
1216 4939 1407 4990 accesserunt
1425 4935 1463 4988 ad
1483 4935 1627 4989 Karolum
1647 4953 1715 5004 pro-

263 5033 417 5102 positoque
436 5034 555 5102 negotio
575 5047 672 5086 coram
693 5046 763 5100 rege
781 5045 834 5100 per
847 5008 996 5098 quendam
1009 5026 1225 5096 provincialem
1240 5025 1352 5078 ordinis
1365 5025 1458 5078 nostri
1472 5026 1592 5078 tratrem
1606 5025 1717 5094 utique

263 5126 366 5176 notum
387 5123 460 5191 regi,
482 5137 533 5175 rex
552 5122 590 5175 ab
609 5135 643 5174 eo
663 5119 822 5188 quaesivit,
843 5119 924 5172 unde
937 5117 1036 5171 socius
1055 5119 1142 5170 esset.
1163 5114 1203 5169 At
1221 5116 1312 5170 frater
1330 5110 1383 5167 ilie
1402 5114 1438 5168 de
1457 5128 1489 5168 se
1508 5115 1572 5182 ipso
1592 5128 1716 5183 respon-
