3616 5678
692 468 740 522 IN
768 468 1008 523 PROVINCIA
1037 466 1275 524 acuculam

598 1129 662 1204 ir
691 1129 1021 1206 recursura
1051 1104 1400 1205 aenomaus
1483 1206 1496 1227 ,

373 1473 572 1544 Bononiae
590 1473 716 1543 frater·
736 1466 960 1568 Nicolaus,
979 1471 1049 1564 qui
1069 1471 1209 1542 vivens
1229 1471 1336 1544 inter
1364 1472 1444 1543 alia
1462 1471 1708 1544 efferendum

265 1621 288 1668 a
316 1597 417 1669 lecto
446 1599 651 1667 mortuum
681 1595 828 1666 dicitur
856 1595 1063 1667 suscitasse
1088 1599 1127 1666 et
1154 1617 1279 1666 novos
1308 1595 1480 1685 cuidam,
1510 1595 1575 1665 cui
1603 1593 1709 1665 eruti
1786 1645 1789 1650 -

21 1791 40 1809 ,,
132 1755 174 1788 π
264 1724 443 1818 fuerant
468 1721 604 1794 oculos
632 1720 862 1793 reddidisse.

371 1879 454 1933 Idem
472 1879 560 1934 ans.
582 1895 631 1948 pg.
653 1879 705 1931 669
725 1878 846 1945 (Obroo.
868 1893 942 1933 xx1v
963 1894 1041 1947 peu„
1063 1895 1112 1947 pg.
1134 1877 1207 1942 225).

372 1978 466 2032 Multa
485 1978 521 2032 de
540 1978 604 2047 ipso
624 1975 810 2032 Saninannn
830 1993 879 2047 pg.
901 1977 1056 2044 32232523
1081 1979 1117 2030 cl'.
1140 1977 1234 2032 Jonn.
1256 1976 1301 2044 47,
1322 1976 1365 2029 lc.

145 2162 194 2203 291
372 2136 439 2206 Fr.
456 2131 706 2214 Matthaeus
721 2137 769 2207 de
783 2135 986 2221 Fervebat,
1008 2136 1070 2206 vir
1090 2157 1258 2228 magnae
1277 2133 1557 2223 abstinentiae,
1579 2135 1710 2205 socius

266 2261 361 2333 olim
391 2261 527 2332 fratris
555 2258 768 2332 Michaelis
797 2260 1004 2354 generalis,
1036 2259 1164 2331 multa
1193 2259 1388 2330 miracula
1415 2254 1561 2330 fecit‘ll

144 2438 170 2481 εἰ)
184 2447 232 2480 v111
372 2410 433 2493 ln⁸
455 2421 611 2494 Mutina
638 2423 762 2493 frater
792 2415 1019 2499 (riblardus
1031 2416 1054 2467 ὁ)
1085 2415 1290 2492 sanctusf)

372 2578 469 2631 Vitam
489 2577 583 2646 ipsius
601 2577 721 2632 exhibet
741 2575 927 2632 Summanus
949 2577 969 2630 l.
991 2593 1016 2631 c.
1038 2593 1088 2646 pg.
1110 2576 1200 2630 36-38.

373 2677 534 2742 Interfuit,
553 2677 675 2741 quando
694 2678 722 2728 S.
742 2677 925 2729 Franoiecus
945 2677 1136 2741 praedicavit
1155 2677 1280 2728 avibus:
1301 2674 1400 2729 Pari„
1423 2673 1498 2729 Prr.
1516 2675 1535 2729 l.
1551 2690 1576 2729 o.
1592 2691 1642 2745 pg.
1664 2674 1708 2729 58.

372 2777 507 2841 Magnus
526 2776 732 2842 praedicator:
753 2775 815 2828 Pis.
838 2774 856 2827 l.
879 2791 903 2827 e.

371 2876 477 2941 Rogat
495 2889 550 2940 pro
568 2875 742 2939 recipiendo
760 2874 797 2925 fr.
817 2875 1002 2926 Salimbene:
1023 2871 1154 2926 Seniue.
1175 2889 1225 2942 pg.
1246 2873 1308 2926 401.

373 2973 544 3025 Intercedit
563 2987 618 3038 pro
636 2972 673 3023 fr.
692 2973 823 3024 Alberto
841 2973 1011 3037 Parmensi,
1029 2972 1173 3024 ministro
1191 2973 1361 3024 Bononiaez
1381 2969 1513 3025 Sanina.
1536 2988 1585 3041 pg.
1607 2971 1669 3024 406.

371 3071 514 3122 Mittitur
532 3086 551 3122 a
569 3071 705 3135 capitulo
724 3085 793 3135 gen.
812 3071 852 3122 ad
871 3071 1054 3135 Gregorium
1074 3072 1138 3121 IX:
1158 3070 1342 3124 Eccnnsrou
1365 3085 1413 3139 pg.
1433 3069 1494 3123 242.

371 3169 514 3220 Mittitur
532 3184 551 3221 a
569 3170 603 3220 B.
623 3168 740 3220 Joanne
760 3169 860 3220 Parm.
879 3169 919 3220 ad
937 3169 1119 3220 morientem
1137 3168 1174 3219 fr.
1194 3168 1308 3220 liliam:
1329 3165 1461 3221 Samus.
1481 3183 1532 3237 pg.
1553 3168 1616 3222 412.

371 3269 512 3333 Apparet
530 3267 567 3318 fr.
585 3266 745 3320 Jacobino:
766 3263 897 3320 Sanina.
919 3282 968 3334 pg.
991 3265 1033 3318 35.

368 3462 398 3511 o)
416 3454 476 3503 Vat.
497 3454 612 3503 «Frater
629 3452 743 3502 Mioirael
761 3452 896 3515 generalis
914 3451 997 3501 multa
1017 3452 1145 3502 miracula
1163 3452 1225 3503 fecit
1236 3469 1260 3501 u.

369 3547 396 3602 b)
413 3545 466 3593 Alii
487 3561 500 3591 l(
511 3543 641 3594 (letaldus
652 3560 675 3592 u.

369 3642 395 3691 c)
413 3635 473 3682 Vat.
491 3637 518 3683 et
535 3633 607 3682 Frib.
626 3633 737 3688 omittit:
756 3632 788 3681 Ie.
807 3637 833 3682 et
850 3635 947 3683 Circo.
967 3645 1031 3683 xxiv
1045 3647 1119 3695 oca..
1137 3647 1181 3696 ug.
1200 3633 1246 3681 501
1269 3632 1326 3683 loco
1351 3633 1462 3682 Marino
1485 3632 1566 3683 habet
1578 3633 1713 3695 Memno,-

265 3723 335 3774 Fior.
354 3724 385 3772 fr.
403 3723 551 3774 Gerardum
563 3723 631 3772 inter
643 3723 735 3772 fratres
748 3722 901 3785 provinciae
914 3723 1057 3772 Paduanae
1068 3721 1187 3772 exhibet.
1202 3724 1286 3772 Pauo.
1301 3723 1366 3773 Pur.
1380 3723 1422 3782 (of.
1437 3722 1556 3774 Euarul.
1569 3736 1593 3772 c.
1607 3736 1651 3786 pg.
1667 3724 1717 3786 56),

266 3816 320 3866 Pis.
334 3816 351 3864 l.
366 3828 387 3864 c.
401 3817 428 3864 et
445 3814 529 3863 Onon.
547 3827 608 3863 eum
626 3814 694 3863 inter
706 3814 801 3862 iratres
814 3813 967 3876 provinciae
980 3807 1156 3862 Bononiensis
1163 3815 1224 3874 jure
1235 3811 1374 3869 exhibent,
1387 3811 1450 3874 quia
1462 3811 1565 3862 Mutina
1576 3811 1716 3874 [Modena]

145 3905 237 3947 23vl11
265 3904 341 3954 illius
358 3904 409 3954 suit
426 3903 587 3967 provinciae.
606 3929 637 3940 -
654 3903 738 3952 Oxon.
757 3906 817 3965 post
833 3904 864 3951 sr.
883 3902 1049 3952 Matthaeum
1063 3901 1095 3951 de
1107 3901 1237 3951 Faventia
1250 3902 1316 3951 haec
1328 3901 1422 3952 habet:
1436 3918 1450 3949 c
1466 3903 1558 3952 Frater
1571 3903 1660 3952 Guido
1681 3907 1716 3954 de

265 3999 356 4060 Spatia
372 3994 596 4044 innumerabilem
622 3993 750 4056 populum
776 3993 857 4043 verbo
883 3992 1016 4043 convertit
1032 3995 1059 4041 et
1075 3990 1198 4054 exenrplo
1215 3991 1248 4040 ad
1267 3991 1458 4059 poenitentiam
1475 3995 1502 4041 et
1519 3991 1714 4042 miraculorum
1736 4009 1738 4014 ·

265 4087 350 4149 gloria
367 4085 467 4135 floruit.

145 4175 214 4271 {Sava
370 4191 383 4304 ἐ(
404 4176 529 4314 {rimini
558 4174 641 4313 limiter
661 4174 802 4224 Johaaoes
823 4175 1023 4257 Boruatooet
1043 4171 1124 4220 irater
1146 4173 1273 4221 Andreas
1297 4170 1387 4221 adhuc
1404 4170 1525 4221 viventes
1546 4171 1633 4234 signis
1659 4172 1716 4223 ela·

267 4268 366 4306 ruerun
391 4274 403 4300 »
432 4269 465 4305 c.
507 4266 539 4304 re.
570 4267 635 4303 .o..

372 4445 381 4473 1
400 4436 615 4490 «Accedamus
630 4435 694 4502 jam
712 4450 794 4489 nunc
813 4435 850 4487 ad
869 4436 987 4488 tratrem
1007 4433 1142 4488 Nicotom
1161 4435 1196 4488 dc
1216 4432 1412 4501 Montefcttro,
1434 4437 1463 4488 et
1481 4433 1519 4487 de
1531 4447 1566 4488 eo
1581 4433 1716 4489 breviter

265 4527 379 4597 aliquid
399 4527 541 4580 dicamus,
563 4525 620 4578 Hic
639 4524 742 4578 multis
761 4525 848 4578 annis
867 4525 923 4578 fuit
941 4524 1076 4578 minister
1095 4525 1126 4577 in
1145 4523 1311 4593 Hungaria,
1332 4529 1361 4578 et
1380 4528 1481 4592 postea
1500 4524 1532 4576 in
1551 4520 1716 4578 Solavonia

265 4618 329 4670 sive
347 4615 497 4668 Dalmatia
515 4613 653 4668 similiter
671 4613 727 4667 fuit
747 4613 896 4680 minister3
917 4612 969 4681 qui
988 4612 1077 4666 etiam
1097 4612 1199 4666 multis
1219 4612 1316 4679 annia,
1336 4611 1413 4666 idest
1441 4625 1537 4680 usque
1565 4609 1603 4663 ad
1631 4610 1714 4667 diem

266 4705 367 4758 mortis
386 4718 468 4771 suae,
486 4703 623 4756 subditus
643 4703 787 4756 habitavit
807 4701 838 4754 in
857 4705 1006 4755 conventu
1025 4701 1185 4754 Bononiae.
1207 4701 1264 4753 Hic
1283 4701 1340 4754 fuit
1359 4699 1481 4754 humilis
1500 4713 1589 4767 super
1607 4713 1715 4757 omnes

265 4794 410 4860 homines,
432 4809 506 4862 quos
524 4808 659 4861 unquam
677 4792 741 4845 vidi
754 4792 785 4844 in
799 4791 943 4845 mundo...
965 4790 1022 4843 Hic
1041 4790 1161 4858 quantio
1174 4789 1350 4858 pulsabatur
1363 4788 1549 4858 campanella
1563 4789 1713 4845 refectorii

265 4883 302 4936 ad
323 4883 547 4950 comedendum,
568 4883 682 4952 primus
701 4885 763 4936 erat
782 4881 834 4950 qui
853 4880 992 4934 veniebat
1011 4879 1048 4932 ad
1067 4879 1238 4948 ponendum
1264 4894 1372 4947 aquam
1391 4878 1422 4931 in
1443 4877 1621 4931 lavatorium
1650 4894 1715 4934 ma·

265 4987 360 5026 nuum
379 4973 513 5026 iratrum.
536 4970 610 5026 Cum
629 4976 728 5026 autern
753 4971 914 5024 veniebant
942 4970 1046 5022 iratres
1075 4970 1216 5036 lorensea
1246 4969 1359 5038 primus
1378 4972 1442 5022 erat
1460 4967 1513 5036 qui
1531 4967 1594 5021 ibat
1612 4967 1650 5020 ud
1672 4968 1715 5022 la·

265 5062 397 5115 vandum
412 5062 454 5115 eis
467 5061 590 5129 pedes..
612 5060 669 5114 Hic
689 5059 848 5113 honorifice
866 5057 1001 5126 sepultus
1021 5061 1066 5111 est
1085 5058 1116 5110 in
1135 5058 1262 5111 ecclesia
1289 5058 1412 5111 fratrum
1432 5056 1579 5110 minorum
1600 5055 1637 5110 de
1656 5056 1715 5110 Bo·

265 5151 384 5205 nenia»
404 5154 459 5204 etc.
481 5179 510 5189 -
535 5150 626 5203 Deest
645 5149 723 5218 apud
742 5147 910 5203 Auruncu.
