3616 5678
483 395 532 448 IN
560 392 802 448 PROVINCIA
832 391 1137 446 Bl'RGUXDIAE.

385 1264 446 1339 nv
475 1260 808 1339 raovmom
836 1235 1243 1336 BERGUNDIAE.

189 1618 245 1689 In
275 1617 464 1710 hrrqdirno
493 1617 833 1710 praeclarissimus
860 1617 986 1686 frater
1012 1610 1335 1691 Bollalbssbna
1364 1615 1417 1697 de,
1444 1615 1536 1685 Bol-
1553 1637 1658 1680 nnn*

62 1744 259 1838 <nemenio
279 1741 510 1837 provinciae
529 1741 750 1832 Romanae,
766 1742 943 1836 quicum
954 1743 971 1836 j
981 1740 1121 1812 nvenis
1136 1740 1326 1812 intrasset
1341 1740 1537 1829 ordinem,

67 1872 201 1942 tanta
230 1869 361 1940 bonae
388 1867 536 1939 indolis
554 1867 763 1939 honestate
783 1867 971 1961 pollebat,
993 1876 1229 1960 utmagnus
1249 1866 1318 1937 ille
1348 1865 1539 1959 magister

71 1993 211 2066 frater
228 1991 463 2066 Alexander
477 1993 627 2065 diceret
645 1994 863 2088 aliqnando
882 1993 931 2064 de
951 1993 1049 2086 ipso,
1070 1992 1177 2086 quod
1197 1993 1240 2062 in
1261 2014 1307 2063 eo
1327 1991 1540 2063 videbatur

80 2116 223 2192 Adam
254 2142 338 2191 non
366 2141 557 2212 peccasse.
589 2118 671 2190 Hic
701 2119 743 2189 in
771 2119 944 2212 septimo
973 2140 1080 2188 anno
1109 2122 1199 2210 post
1226 2118 1450 2211 ingressum
1480 2139 1540 2189 or-

87 2243 195 2318 dinis
221 2245 322 2340 legit
349 2245 570 2316 sententias
598 2244 779 2315 Parisios
808 2243 920 2315 etin
948 2243 1105 2315 decimo
1133 2244 1284 2337 recepit
1308 2243 1538 2314 cathedram

93 2369 376 2464 magistralem.
405 2369 458 2440 In
487 2369 608 2441 tertio
636 2370 792 2441 decimo
812 2370 863 2440 ad
881 2370 1062 2464 regimen
1084 2369 1208 2441 totins
1227 2370 1379 2441 ordinis
1399 2371 1458 2439 est
1481 2390 1540 2439 as-

102 2501 290 2590 sumptus3
311 2495 449 2567 decem
469 2499 510 2566 et
528 2498 618 2567 octo
637 2495 755 2566 annis
774 2495 954 2566 ordinem
977 2495 1093 2567 rexit.
1116 2494 1261 2566 Hicin
1282 2495 1413 2589 primo
1437 2493 1540 2587 capi-

108 2617 190 2711 tulo,
205 2622 312 2717 quod
326 2621 459 2693 tenuit
473 2619 701 2710 Narbonae,
713 2621 1071 2693 constitutionibus
1082 2621 1233 2692 ordinis
1243 2622 1416 2693 formam
1433 2619 1543 2691 dedit

113 2745 145 2812 et
166 2747 353 2819 ordinem.
382 2745 466 2818 Hic
494 2747 750 2840 postmodum
771 2747 899 2818 vitam
920 2747 1117 2840 majorem
1146 2751 1186 2817 et
1215 2746 1412 2816 minorem
1434 2744 1542 2816 beati

113 2859 295 2944 llrancisoi
324 2863 571 2966 conscripsit,
588 2894 687 2966 quas
716 2873 834 2944 modo
863 2875 976 2943 tenet
997 2872 1268 2943 communiter
1296 2873 1404 2942 totus
1432 2870 1539 2941 ordo.

36 3042 49 3109 ι,
111 2983 179 3066 Hic
199 2998 333 3070 videns
348 3019 389 3069 se
404 2998 617 3092 indignum
639 2998 924 3069 communione
944 2998 1122 3091 corporis
1139 2997 1289 3069 Christi
1307 2996 1541 3090 permultos
1575 2988 1578 2993 ⁴

106 3107 179 3191 dies
204 3122 399 3198 abstinuit
418 3146 442 3194 a
461 3122 729 3195 celebratione
753 3123 909 3212 missae,
931 3124 998 3193 sed
1019 3123 1107 3217 ejus
1136 3121 1409 3192 humilitatem
1430 3120 1542 3192 Dens

100 3243 288 3332 aspiciens
332 3248 560 3320 consolatus
589 3251 648 3318 est
676 3270 767 3318 eum
810 3247 1070 3334 mirabiliter3
1101 3269 1194 3317 nam
1238 3246 1427 3317 audiente
1456 3245 1541 3338 ipso

96 3361 254 3445 Ibissem
272 3375 414 3447 devote
433 3396 512 3444 una
522 3374 570 3444 de
585 3373 792 3466 particulis
806 3373 960 3444 hostiae
975 3375 1226 3444 consecratae
1242 3372 1379 3465 etjam
1391 3370 1541 3441 divisae

92 3477 262 3571 intravit
289 3500 332 3571 in
362 3521 405 3571 os
433 3498 743 3570 Bonaventnrae
786 3499 988 3569 sacerdote
1030 3498 1264 3569 nullatenus
1292 3496 1540 3567 advertente.

91 3599 247 3696 Hicin
276 3624 477 3719 Lugdnno
506 3628 686 3717 tempore
716 3624 877 3695 concilii
915 3623 1113 3718 generalis
1142 3624 1192 3694 ad
1222 3625 1379 3694 sanctos
1407 3598 1540 3716 patres

89 3749 296 3832 appositus
325 3749 624 3842 triumphantes
652 3771 722 3820 suo
751 3752 797 3819 ut
838 3748 1037 3820 credimus
1065 3747 1300 3820 laetificavit
1328 3746 1539 3834 consortio,

88 3875 200 3958 Papa
224 3898 315 3946 cum
345 3874 616 3946 cardinalibus
644 3895 762 3967 super
795 3877 979 3946 sanctum
1009 3895 1151 3967 corpus
1187 3895 1317 3945 sacras
1355 3870 1540 3943 excubias

89 3983 334 4072 celabrente.

203 4154 334 4226 Antiqua
353 4156 522 4210 testimonia
541 4157 577 4209 de
598 4156 690 4224 ipsius
710 4155 773 4209 vita
792 4155 916 4209 collecta
937 4155 1046 4209 videsis
1066 4157 1098 4207 in
1117 4152 1147 4207 S.
1169 4155 1302 4220 Bonan,
1327 4153 1421 4220 Opera
1439 4151 1541 4204 omorio

93 4236 137 4299 (ld
165 4247 266 4311 Clarus
285 4255 412 4325 Aquas),
433 4260 454 4309 t.
477 4271 505 4309 x.

1648 1844 1702 1891 l

204 4437 254 4512 In
287 4440 430 4514 Vtonrm
459 4437 583 4511 frater
613 4434 825 4529 Michaeh
855 4439 927 4509 istc
959 4438 1131 4509 imitavit
1159 4459 1305 4529 aquam
1335 4436 1377 4506 in
1397 4435 1537 4505 vinum
1589 4463 1660 4504 11111

96 4547 129 4613 el
163 4565 291 4637 multa
320 4565 516 4636 miracula
543 4565 652 4635 fecit.

119 4869 124 4882 Ι
204 4767 345 4843 Frater
369 4767 533 4868 lllbdb,
561 4773 626 4842 cni
655 4772 821 4843 servivit
840 4771 1005 4865 angelus
1027 4770 1067 4840 in
1089 4770 1210 4840 missa
1229 4777 1268 4840 ct
1288 4769 1541 4863 praeparavit
1593 4793 1659 4835 cm

99 4888 127 4938 ⁰¹
160 4897 297 4968 ‹nnma
327 4896 546 4967 necessaria
575 4918 645 4989 pro
674 4897 796 4967 missa
823 4896 865 4966 in
887 4895 1052 4967 ecclesia
1080 4896 1234 4966 deserta
1262 4899 1302 4965 ct
1330 4895 1538 4984 derelicta3

100 4995 131 5062 ‘lt
162 5013 267 5093 alius
295 5020 460 5115 angelus
488 5020 743 5114 praeparavit
762 5021 892 5092 eidem
913 5042 1033 5115 equos
1062 5018 1432 5091 adambulandum.
