3616 5678
184 372 265 437 YllI
758 368 1056 423 inussonucmo

289 557 326 627 1.
356 553 614 651 Argumenta
640 557 794 627 tuteruu
835 555 954 626 facile
996 529 1173 668 p'rodunt
1214 556 1397 627 libellum
1440 560 1636 628 nostrum

183 701 286 772 circu
316 703 419 772 1335
447 722 530 772 esse
558 699 837 793 compositum.
867 699 1091 770 Exordiens
1119 699 1357 793 compilator
1384 690 1493 788 dicit,
1525 700 1638 771 ordi·

181 866 274 915 nem
309 871 326 911 «
357 866 381 914 a
409 862 580 916 cinnum
609 843 727 914 annis
755 842 855 914 citra
884 869 903 909 a
937 864 1020 913 esse
1048 843 1278 913 fundatum.
1308 842 1375 912 Fr.
1397 840 1637 937 Stephanus

140 1000 148 1011 ‘
182 987 231 1058 de
252 985 434 1079 Ungaria
453 986 603 1059 dicitur
627 1013 643 1053 c
663 986 807 1056 nouiter
820 986 864 1056 in
884 981 1010 1078 Saray
1029 986 1079 1056 ab
1099 984 1328 1057 infidelibus
1355 1007 1566 1079 percussus
1588 1009 1636 1074 »3

182 1129 299 1224 cujus
327 1129 568 1222 martyrium
589 1128 734 1200 accidit
762 1126 1005 1200 00001334.
1037 1127 1099 1199 De
1119 1128 1324 1200 miraculis
1342 1129 1391 1199 fr.
1412 1127 1636 1202 Aldemari

182 1274 230 1345 de
258 1273 429 1345 Filsinio
471 1267 748 1344 testimonium
783 1272 944 1343 exhibet
986 1298 1004 1338 c
1032 1273 1082 1342 fr.
1111 1271 1140 1343 J
1143 1294 1293 1343 oannes
1324 1272 1449 1343 lector
1477 1270 1634 1344 Assisii

58 1416 65 1431 '
136 1406 140 1412 ’
182 1439 289 1487 anno
316 1414 484 1487 Do'mini
515 1413 620 1486 1335
651 1441 686 1485 ».

288 1558 352 1631 Ex
371 1559 455 1630 ‘hoc
484 1558 628 1629 ultimo
656 1559 744 1629 loco
786 1557 936 1651 pariter
963 1557 1246 1652 aliquomodo
1274 1559 1429 1630 elucere
1465 1561 1635 1632 videtur

182 1673 285 1773 locha
313 1701 499 1796 originis:
530 1701 757 1794 catalogum
787 1704 968 1771 nostrum
999 1701 1264 1794 compositum
1294 1723 1378 1773 esse
1411 1702 1633 1795 opinamur

183 1846 224 1919 riu
244 1845 447 1938 Provincia
476 1843 517 1917 S.
547 1843 770 1933 Fruucc'act;
798 1844 862 1914 cui
892 1843 1072 1937 opinioni
1092 1844 1231 1916 favent
1259 1845 1386 1916 etiam·
1401 1846 1523 1923 verba
1542 1847 1632 1937 illa,

182 2010 284 2082 quae
311 2011 400 2084 pag.
431 1988 481 2058 11
511 1989 559 2060 de
588 1987 793 2058 miraculis
820 1987 870 2057 fr.
900 1985 1020 2058 Pauli
1049 1987 1310 2058 adhibentur:
1341 1988 1482 2059 «sicut
1501 1989 1634 2061 frater

182 2135 316 2204 noster
345 2131 475 2204 estin
504 2153 544 2204 se
573 2131 659 2224 ipso
688 2133 885 2224 expertus,
925 2130 994 2223 qui
1037 2152 1145 2201 nunc
1187 2134 1367 2202 moratur
1403 2129 1552 2203 Assisii
1584 2157 1632 2222 »3

181 2296 361 2368 quaeque
399 2273 534 2367 opinio
572 2273 783 2366 praecipue
826 2259 1132 2344 commendatur
1159 2295 1208 2343 ex
1245 2295 1304 2363 eo,
1339 2274 1444 2367 quod
1486 2279 1633 2347 auctor

181 2417 359 2488 maxima
386 2438 478 2488 curn
508 2393 685 2488 sollertia
713 2419 752 2486 et
781 2415 949 2486 scientia
978 2421 1134 2486 sanctos
1154 2419 1374 2506 enumerat,
1395 2417 1527 2510 qui-in
1548 2418 1633 2490 sin-

180 2560 284 2656 gulis
312 2560 435 2655 hujus
463 2558 691 2654 provinciae
720 2556 816 2630 locis
844 2559 1077 2649 floruerunt,
1106 2559 1203 2630 dum
1232 2560 1280 2631 de
1300 2560 1389 2631 aliis
1408 2561 1634 2653 provinciis

180 2724 301 2798 agens
329 2701 463 2796 plures
491 2701 697 2773 mentione
726 2700 982 2795 dignissimos
1010 2701 1207 2796 neglexit3
1238 2701 1420 2796 exemplo
1456 2702 1508 2773 sit
1536 2726 1631 2796 pro-

180 2845 314 2930 vincia
341 2844 556 2932 Murclu'oc,
588 2844 656 2915 ubi
699 2844 805 2914 inter
847 2843 945 2915 alios
989 2845 1265 2916 desiderantur
1296 2845 1343 2914 B.
1374 2845 1631 2934 Bouttoolc'ue,

180 2990 231 3061 B.
251 2989 439 3074 1110001010,
463 2989 512 3060 B.
535 2974 778 3083 Pcrcprtuua,
790 2986 851 3084 fr.
872 2988 1042 3060 Jacobcs
1062 2990 1107 3060 dc
1125 2989 1343 3077 Fallerouc,
1365 2987 1426 3085 fr.
1455 2990 1634 3063 Jucobuc

179 3129 704 3228 1011000011.1101110000,
726 3131 818 3202 «vir
833 3131 1120 3222 sanctissimus,
1137 3132 1322 3204 minister
1336 3131 1561 3223 1100011100,
1577 3159 1595 3201 >›
1618 3136 1628 3172 ¹

180 3275 341 3370 aliique.
1372 3376 1375 3380 ,

288 3417 323 3489 2.
354 3416 611 3513 Argumenta
639 3425 794 3489 caterua
831 3441 922 3490 vero
965 3419 1014 3489 ad
1057 3421 1260 3489 auctorem
1305 3398 1630 3512 cognoscendum

179 3559 291 3633 nullo
319 3561 405 3633 loco
434 3561 616 3632 invenire
644 3561 860 3654 potuimus.
892 3559 1083 3634 Storulcu
1113 3562 1316 3631 auctorem
1342 3560 1468 3631 nostri
1497 3559 1631 3632 libelli

180 3701 301 3773 babet
327 3702 376 3772 fr.
406 3701 626 3773 Italicuum
654 3702 890 3795 Huupmuot
918 3701 1081 3791 innixus
1110 3723 1168 3790 eo,
1204 3701 1309 3794 quod
1343 3728 1360 3768 «
1382 3700 1424 3771 in
1445 3701 1630 3793 catalogo

180 3867 248 3939 per
277 3843 501 3939 provincias
529 3847 569 3916 et
597 3844 684 3915 loca
711 3844 926 3916 distributo
954 3844 1083 3915 fusius
1112 3846 1251 3915 auctor
1281 3842 1364 3937 agit
1393 3844 1440 3913 de
1469 3842 1519 3913 iis
1538 3865 1630 3936 pro-

148 3983 165 4004 *
181 3986 334 4059 vinciae
351 3986 587 4081 Hungariae
605 4011 622 4054 »
640 3986 674 4069 ;2
692 3989 733 4059 at
753 3986 835 4077 illa,-
857 4009 958 4080 quae
979 3986 1120 4058 citavit
1140 3983 1340 4070 Sbaralea‚
1362 3985 1631 4058 inveniuntur

181 4131 223 4202 in
252 4130 336 4203 sola
364 4130 538 4203 editione
567 4124 637 4202 illa
674 4129 844 4224 catalogi
886 4129 1140 4222 interpolata,
1180 4151 1300 4222 quarn
1340 4127 1502 4199 exhibet
1535 4125 1629 4220 Spe-

1413 4325 1631 4336 ——q

251 4427 323 4483 ²Cs.
348 4429 452 4482 Chrou.
476 4444 549 4482 xxrv
567 4445 645 4497 peu„
666 4445 715 4498 pg.
740 4428 802 4482 283.

250 4518 461 4587 walarum,
481 4519 727 4588 Supplcmeutum
746 4522 772 4573 et
794 4519 951 4588 Oosttqatto
969 4520 1009 4572 cut
1028 4519 1186 4588 Scriptores
1206 4519 1298 4573 totum
1320 4519 1629 4575 0111001031100-

179 4610 247 4665 ciccc‘
266 4610 497 4677 (3001001806),
518 4626 567 4679 pg.
589 4609 657 4678 2333
678 4625 736 4678 quo
756 4609 820 4663 loco
839 4624 932 4678 agens
951 4609 987 4663 de
1007 4609 1128 4677 Speculo
1148 4609 1222 4663 vitae
1240 4610 1318 4664 inter
1336 4609 1396 4663 alia
1418 4610 1515 4663 addit:
1537 4628 1552 4660 «
1565 4610 1630 4666 Au·

179 4702 250 4756 toris
270 4715 378 4754 nomen
397 4701 522 4755 habetur
535 4716 572 4754 ex
586 4716 653 4770 pag.
676 4699 737 4767 127,
758 4701 810 4754 ubi
829 4700 955 4769 legitur:
979 4692 1127 4753 Dominus
1145 4700 1294 4754 benedicat
1312 4716 1357 4753 mc
1376 4699 1501 4766 fratrem
1521 4701 1629 4756 lubia·

179 4805 299 4854 uum,...
322 4792 438 4857 tempus
456 4803 525 4842 vero
543 4802 581 4842 ex
600 4803 649 4856 pg.
671 4787 715 4855 99,
736 4788 787 4840 ubi
808 4792 911 4841 auctor
929 4791 1056 4856 enarrat,
1071 4802 1103 4840 se
1113 4803 1191 4842 anno
1206 4787 1275 4840 1343
1288 4787 1325 4841 ad
1345 4802 1461 4841 sacrum
1475 4784 1628 4845 Alvernae

180 4883 310 4934 montem
338 4879 500 4933 contulisse
519 4896 551 4946 »ς
581 4878 612 4931 in
638 4894 697 4946 quo
721 4877 874 4932 ratiocinio
902 4865 1043 4932 Sbaralea
1070 4879 1190 4932 omnino
1209 4878 1352 4947 neglexit,
1368 4875 1529 4947 Speculum
1550 4878 1629 4934 illud

180 4966 421 5039 compilationem
441 4967 624 5021 diversarum
645 4981 742 5020 rerum
762 4966 910 5037 praebere.
