3616 5678
116 2214 160 2255 ‘tx

839 447 1075 499 APProNDIX.

771 1268 1135 1372 APPENDIX.

344 1488 411 1560 lix
440 1506 534 1582 con.
563 1486 652 1560 MS.
684 1487 849 1560 Oarion.
880 1485 1005 1559 Miso.
1037 1484 1113 1557 525
1144 1485 1266 1556 Brea.
1289 1484 1573 1558 Oxonransrs.
1648 1518 1650 1521 v

478 1957 523 2012 De
541 1956 629 2012 beatis
648 1956 793 2024 fratribus
811 1956 844 2009 io
859 1954 1014 2024 provincia
1032 1955 1203 2010 Ronarrran
1223 1952 1444 2024 quiescentibus.

845 2081 1022 2147 Capitulum
1041 2082 1070 2134 8.

308 2208 343 2261 In
356 2207 534 2277 Niyroponte
553 2209 643 2262 trater
655 2209 768 2272 Petras,
784 2206 821 2261 de
839 2221 898 2275 quo
917 2206 1038 2276 quidam
1057 2207 1224 2261 incantator
1242 2205 1394 2260 daemonis
1413 2204 1500 2272 dixit,
1515 2203 1596 2273 qnod
1609 2204 1682 2258 durr

237 2305 505 2381 incantasseteum
519 2309 548 2360 et
560 2306 662 2360 venire
681 2305 835 2373 tardasset,
849 2305 974 2358 veniens
993 2304 1069 2358 dixit
1087 2304 1162 2358 sibi:
1183 2321 1199 2355 <‹
1213 2303 1326 2357 Idcirco
1339 2303 1427 2357 citius
1440 2317 1502 2356 non
1514 2301 1597 2369 veni,
1613 2301 1682 2370 qnia

238 2405 358 2459 tratrem
377 2404 499 2459 Petrum
517 2405 561 2470 ab,
574 2405 706 2459 oratione
724 2403 852 2466 evellere
871 2404 999 2457 conabar
1018 2417 1073 2457 nec
1092 2403 1214 2472 potui».
1298 2466 1300 2475 Ι

311 2555 385 2610 Item
404 2555 515 2609 ibidem
534 2556 624 2610 irater
636 2556 807 2619 Matthaeus
826 2555 919 2608 mirae
936 2555 1026 2608 vitae.

499 2865 543 2918 De
562 2864 651 2919 beatis
670 2864 815 2932 fratribus
833 2832 866 2918 111
881 2864 1036 2934 procincta
1047 2864 1184 2920 dannan
1205 2862 1424 2934 cunctantibus.

736 2993 740 2999 '
836 2981 1013 3056 capitulum
1035 2990 1083 3042 18.

312 3117 457 3180 Quoniam
476 3120 616 3184 tempore,
638 3130 696 3184 quo
715 3097 788 3169 haec
800 3095 909 3168 ‘charta
936 3112 1129 3183 scribebatur,
1150 3116 1182 3168 in
1202 3115 1281 3168 dicta
1299 3114 1453 3184 provincia
1471 3114 1579 3170 nullus
1599 3116 1682 3170 irater

239 3217 345 3269 beatus
364 3215 462 3268 adhuc
481 3214 662 3283 quiescebat,
677 3212 714 3266 ad
729 3213 861 3266 divinam
880 3216 910 3267 et
927 3212 1022 3281 ipsius
1040 3213 1212 3282 provinciae
1231 3212 1350 3270 laudem
1368 3227 1429 3265 non
1448 3211 1551 3266 minus
1565 3217 1682 3282 putatur

41 3369 48 3379 „
147 3346 149 3349 -
181 3344 188 3356 ·
240 3315 344 3367 iratres
363 3314 465 3367 beatos
483 3312 554 3367 inde
572 3312 689 3366 nativos
711 3311 783 3365 alibi
806 3310 963 3366 collocatos
982 3311 1172 3380 [nominaret
1188 3310 1329 3364 videlicet
1346 3310 1467 3364 beatum
1490 3311 1616 3365 tratrem
1638 3311 1679 3366 Ge

240 3412 366 3464 nardum
377 3410 537 3464 Valenciae
550 3409 683 3496 eJusdern
697 3409 867 3478 provinciae
880 3409 1082 3478 quiescentem
1092 3408 1242 3477 Panormi,
1254 3412 1289 3462 ut
1298 3412 1380 3477 patet
1392 3422 1483 3476 supra
1493 3409 1630 3478 capitulo
1642 3409 1681 3477 6⁰,

241 3513 271 3563 et
289 3510 409 3562 beatum
428 3508 546 3561 tratrem
569 3506 734 3560 Antonium
752 3507 1016 3575 archiepiscopum,
1037 3504 1237 3560 Alexandriae
1261 3505 1370 3560 Paleae
1388 3505 1484 3574 ipsius
1503 3507 1680 3574 provinciae

242 3605 443 3674 quiescentem
450 3605 612 3673 ,1)11111111,Ξ
631 3609 665 3659 ut
684 3605 808 3658 habetur
827 3619 917 3673 supra
935 3603 1065 3673 capitulo
1085 3603 1152 3657 14⁰.³

468 3945 511 3998 De
529 3944 617 3998 beatis
636 3944 781 4012 fratribus
800 3944 833 3997 in
848 3942 1003 4013 Jrrovincin
1026 3904 1219 3998 Arraaonran
1239 3941 1460 4012 quiescentibus.

843 4069 1020 4134 Capitulum
1039 4069 1090 4120 20.

316 4194 563 4263 Cnesnrnuqnstae
586 4194 676 4248 irater
700 4193 895 4258 bertrandus,
917 4192 968 4260 qui
994 4191 1091 4246 Toleti
1119 4171 1290 4260 amphoram
1318 4194 1441 4247 tractam
1469 4193 1636 4264 integravit
1662 4211 1681 4250 e

243 4293 402 4362 quamdam
421 4293 553 4363 puellam
572 4309 590 4346 a
608 4293 693 4362 gravi
712 4293 884 4346 infirmitate
903 4290 1029 4345 sanavit.
1058 4294 1070 4346 )
1118 4356 1123 4365 ι
1424 4286 1427 4290 ’

261 4487 263 4492 “
348 4489 375 4541 a)
390 4489 465 4532 Deest
480 4485 549 4541 apud
564 4489 615 4530 Prs.
632 4487 657 4530 et
672 4491 772 4530 Aaron.
789 4489 839 4529 Prs.
856 4485 1060 4541 miracula-ipsi
1089 4485 1147 4528 heic
1168 4483 1298 4529 attributa
1318 4485 1443 4530 attribuit
1464 4486 1496 4530 fr.
1519 4488 1638 4534 Antonio
1657 4488 1682 4530 de

243 4558 347 4614 Burgis.

348 4739 413 4788 1Cs.
432 4752 512 4802 supra
530 4753 575 4801 pg.
592 4739 631 4787 22.

346 4821 355 4848 2
372 4818 505 4868 Antonius
522 4818 554 4868 da
571 4817 734 4868 Alexandria
752 4818 927 4868 Lombardiae
944 4818 1035 4881 (vulgo
1054 4816 1250 4868 «Alessandria
1268 4816 1338 4868 della
1356 4816 1680 4881 Paglia»)0riundus1'rrit

242 4898 461 4962 archiepiscopus
478 4898 702 4961 Dyrrhachiensis
713 4899 849 4960 (Durazzo)
862 4898 996 4948 13451349
1007 4899 1116 4959 (Edant,
1129 4900 1298 4948 Ilierarcbin
1312 4900 1448 4950 catholica
1461 4902 1548 4950 medii
1563 4903 1630 4958 nevi,
1643 4903 1658 4947 t.
1673 4910 1679 4945 1

282 5016 288 5027 .
307 4979 370 5028 241.

244 4993 280 5042 bg
306 5060 313 5070 “
345 4981 744 5124 3)111)11111111111111111111111011
763 5062 817 5111 Prs.
838 5062 916 5112 refert
934 5062 964 5110 11.
984 5073 1033 5110 rur
1051 5075 1076 5125 p.
1094 5073 1113 5109 11
1132 5061 1172 5110 De
1184 5060 1322 5126 provincia
1341 5059 1501 5111 Dalmatiae.
