3616 5678
714 397 951 481 arrianum.
1045 392 1048 396 ’
1500 404 1550 477 43

184 672 252 728 Item
272 673 433 739 Vulcacius,
454 674 525 729 dum
544 677 622 729 esset
641 671 865 740 Saracenorum,
883 671 1077 741 generalante
1096 671 1185 725 fratre
1204 669 1281 739 Elya
1299 669 1358 724 duo
1376 670 1481 725 iratres
1500 685 1552 738 pro
1587 667 1672 710 31¹⁸

126 772 173 826 lide
189 773 325 842 martyrio
343 773 485 827 coronati.
498 780 508 806 ²

185 896 343 952 Barcinooe
356 900 446 953 frater
457 898 586 953 Porwiua
601 897 782 964 Oliarboueli,
798 897 965 966 theologiae
979 895 1129 966 magister,
1144 899 1235 950 totam
1248 910 1362 949 sacram
1375 895 1553 964 scripturam
1602 890 1671 934 3³11

126 995 199 1050 dictis
215 997 347 1055 omnium
367 1001 437 1052 ante
455 997 554 1067 ipsum
573 1012 662 1066 super
681 1012 745 1052 earn
761 996 959 1056 scribentium
981 995 1152 1050 solemniter
1170 994 1335 1064 postillavit
1358 996 1388 1048 et
1411 994 1553 1063 maglster

126 1098 203 1163 atque
219 1096 368 1150 confessor
386 1097 443 1150 luit
461 1096 558 1151 sancti
577 1096 675 1149 fratris
694 1094 840 1149 Ludovici
859 1094 952 1149 nostri
970 1093 1184 1162 archiepiscopi
1204 1092 1353 1147 Tolosani.

184 1219 291 1273 Ilerdae
303 1219 435 1285 [Lerida]
447 1221 537 1275 irater
552 1219 712 1289 Gopiauaa,
720 1220 747 1272 a)
758 1234 846 1289 super
859 1220 946 1288 cujus
956 1234 1062 1289 corpus
1075 1222 1224 1272 mortuum
1234 1218 1300 1272 visa
1309 1222 1380 1274 sunt
1392 1217 1552 1272 luminaria

124 1330 138 1368 a
155 1316 228 1371 coelo
246 1317 398 1372 descensu.

184 1440 253 1496 Item
277 1442 310 1495 in
334 1442 437 1497 cadem
461 1443 615 1512 provincia
639 1444 744 1498 beatus
763 1445 853 1498 trater
871 1446 1041 1498 liauoncasa
1060 1443 1243 1499 Tudertinus
1268 1444 1346 1497 inter
1366 1427 1504 1496 Tartaros
1523 1445 1553 1497 ct

124 1534 269 1595 Saracenos
289 1540 387 1595 adhuc
406 1541 511 1595 vivens
530 1541 683 1596 miraculis
703 1542 912 1605 coruscavitll

215 1941 217 1946 ¹
276 2004 279 2010 r
340 1959 384 2014 De
402 1960 492 2014 beatis
510 1959 654 2028 fratribus
673 1961 706 2015 iu
721 1959 875 2030 provincia
895 1959 1084 2015 cassanias
1104 1960 1324 2030 quiescentibus,

709 2113 887 2180 Capitulum
906 2115 956 2166 21.

183 2263 422 2326 Sibillacbeatus
444 2266 534 2319 irater
559 2264 668 2326 Vitatis,
689 2268 809 2334 martyr,
836 2265 888 2334 qui
916 2268 1048 2333 tempore
1075 2265 1265 2334 generalatus
1293 2265 1371 2320 beati
1400 2265 1552 2320 Francisci

124 2362 258 2424 praefixus
277 2363 428 2432 praelatus
452 2363 513 2417 illis
536 2379 555 2418 v
578 2362 717 2417 fratribus
739 2363 771 2416 in
791 2362 941 2417 Marochio
965 2363 1172 2432 martyrizatis
1193 2367 1311 2433 propter
1334 2378 1408 2432 quos
1430 2367 1555 2425 sanctus,

123 2453 257 2516 Antonius
276 2461 410 2516 ordinem
429 2462 582 2531 ingressus
601 2466 655 2528 cst,
676 2461 872 2530 infrascriptis
890 2461 922 2515 in
941 2461 1043 2515 eadem
1064 2459 1179 2528 Sibilla,
1200 2476 1277 2530 quae
1296 2466 1367 2516 tunc
1386 2467 1449 2516 erat
1468 2459 1551 2515 Sara-

123 2567 259 2629 cenorum,
271 2560 438 2614 infirmatus
451 2559 567 2614 adictis
577 2560 717 2614 fratribus
731 2575 887 2616 remanens
900 2561 1026 2614 sanitate
1039 2560 1146 2629 adepta
1155 2574 1207 2629 pro
1217 2559 1275 2614 fide
1287 2560 1397 2615 ibidem
1411 2562 1552 2630 martyrio

125 2658 307 2712 coruscavit.²

186 2811 271 2866 Totcti
283 2812 374 2866 irater
384 2812 542 2876 Heroaeua
558 2812 610 2880 qui
623 2825 711 2880 super
731 2812 906 2866 mantellum
919 2813 1061 2873 transivit,
1069 2812 1228 2881 quemdam
1241 2813 1377 2881 fluvium,
1392 2778 1551 2882 quemdam

121 2918 232 2971 puerum
251 2911 355 2964 vivum
381 2925 399 2962 a
424 2914 516 2964 morte
541 2910 707 2978 suscitavit,
722 2915 751 2964 et
764 2909 829 2978 eJ'us
848 2911 997 2980 sepulchri
1017 2915 1095 2965 terra
1113 2911 1150 2965 ad
1170 2911 1279 2965 collum
1299 2911 1392 2981 ligata
1412 2911 1552 2965 liberata

121 3003 190 3063 febre
207 3010 343 3065 tertiana.

108 3205 111 3215 .
178 3159 249 3216 Item
269 3162 358 3216 trater
370 3161 518 3214 Aritouiua
537 3161 631 3215 laicus
651 3161 688 3215 de
707 3161 826 3233 Burgis,
847 3163 896 3217 cui
917 3161 1051 3217 Christus
1075 3163 1192 3218 locutus
1211 3169 1256 3218 cst
1275 3164 1307 3217 in
1326 3163 1467 3217 oratione.

314 3581 356 3635 De
375 3582 464 3636 beatis
482 3581 628 3650 fratribus
647 3582 680 3636 ia
694 3581 850 3651 provincia
869 3579 986 3636 Sarrum
1000 3581 1116 3637 Jaoour
1136 3581 1355 3650 quiescentibus.

1086 3680 1096 3706 a

697 3735 885 3811 ¹(iapitulum
904 3736 955 3787 22.
1001 3772 1005 3780 .

1621 3166 1670 3208 281

184 3884 341 3939 ldiaebonae
359 3887 416 3939 irat
405 3890 448 3940 ter
461 3887 617 3951 lleroldua
638 3887 728 3940 irater
741 3887 856 3950 Petrus,
877 3886 934 3939 irat
923 3890 967 3939 ter
979 3885 1119 3954 adjutus,
1141 3890 1231 3941 trater
1243 3885 1402 3941 Accuraiua
1415 3892 1444 3942 et
1463 3889 1552 3943 trater
1597 3891 1622 3933 16
1638 3900 1646 3932 1
1662 3890 1670 3907 ·

121 3974 183 4032 (lilio
194 3984 357 4052 martyres
349 3999 381 4036 1n
391 3983 541 4037 Marocbio
551 3988 681 4053 tempore
694 3984 772 4038 beati
786 3983 937 4037 Francisci
950 3999 1002 4053 pro
1017 3984 1073 4038 lide
1087 3999 1150 4079 mar
1151 3985 1279 4054 tyrizati,
1294 3985 1364 4040 inde
1376 3986 1550 4055 ingentibus

119 4073 257 4135 miraculis
277 4081 350 4135 illuc
370 4081 505 4136 translati
525 4082 589 4134 ab
580 4082 675 4150 ipsius
694 4082 867 4151 provinciae
885 4082 1019 4150 piissimo
1039 4081 1140 4151 regc.³

212 4333 332 4383 a)Pra.«
345 4330 520 4384 Segrianus».

214 4400 322 4454 b)l·'rib.
338 4401 436 4445 illum
430 4413 456 4444 rn
472 4402 606 4457 provincia
622 4402 758 4455 castellae,
774 4406 824 4446 Pis.
840 4402 867 4446 in
883 4401 1056 4457 provincias.
1072 4401 1158 4447 lacobi
1181 4403 1348 4458 reposuit-
1365 4403 1477 4448 l''rib.1n
1494 4416 1548 4459 pro·

118 4459 533 4527 vincialragoniaehaecnalret:
552 4477 615 4518 «Fr.
634 4477 801 4525 Bernartius
816 4475 942 4518 sociusS.
958 4474 1099 4518 Francisci.

213 4559 225 4583 «
240 4547 282 4587 lr.
298 4546 403 4594 Gracia,
418 4545 542 4589 sociusS.
559 4547 698 4590 Francisci.

212 4630 224 4654 «
240 4619 256 4658 l«
260 4628 280 4658 r.
297 4619 409 4660 Poacius
425 4621 541 4661 Cornell*
533 4631 540 4661 a
554 4621 590 4669 (i),
606 4618 733 4673 magister
749 4621 772 4662 S.
789 4617 912 4662 ludovici
929 4620 978 4664 etc,

216 4689 305 4731 «ltonr
325 4688 522 4733 illustrissimus
538 4688 659 4734 dominus
671 4691 701 4734 sr.
714 4693 810 4734 Petrus
825 4693 857 4734 cie
872 4694 1004 4741 Aruyonta
1020 4690 1126 4734 infans»
1144 4692 1201 4736 etc:
1217 4693 1248 4736 cl.
1264 4703 1345 4748 supra
1360 4705 1402 4749 pg.
1419 4695 1443 4737 ll
1456 4695 1509 4738 not.
1525 4707 1549 4740 a.

117 4813 587 4840 N———ss-

209 4923 218 4950 ¹
233 4921 301 4970 Sunt
318 4922 387 4970 beati
405 4924 526 4972 Jourmes
542 4927 569 4973 et
586 4924 705 4981 Petrum
722 4925 755 4973 cl.
777 4926 846 4972 liiii.
866 4925 935 4985 Hup.
954 4926 1024 4981 Lot,
1044 4927 1062 4974 t.
1082 4939 1089 4974 1
1108 4939 1151 4989 pg.
1169 4925 1223 4975 658.

208 5003 217 5028 2
234 5001 275 5049 Ab
291 5001 353 5050 aliis
371 5003 528 5065 martyrium
547 5003 621 5052 illius
638 5003 710 5052 haud
727 5006 848 5054 refertur.

209 5081 272 5130 ³Ci.
294 5084 363 5130 Bibl.
383 5084 452 5144 liup.
472 5085 542 5139 Lat,
561 5087 579 5132 t.
599 5097 617 5133 11
635 5098 679 5148 pg.
699 5084 753 5133 175.
