3616 5678
682 379 979 435 inruonncrlo
1453 382 1537 437 XIII

94 567 262 661 singulis
290 575 447 662 praeter
475 569 554 640 alia
582 570 715 641 deesse
744 570 877 663 plures
896 571 1121 664 provincias
1147 572 1370 667 Hispaniae
1391 577 1431 645 et
1450 597 1536 667 pro·

93 709 269 781 vinciam
303 708 488 806 Angliae,
518 735 640 806 quare
670 712 936 806 inconrpletus
964 715 1097 785 vocari
1126 715 1255 786 debet.

204 851 239 949 2.
269 852 322 924 In
352 855 558 925 nonnullis
587 855 788 927 codicibus
818 855 988 927 habetur
1007 857 1109 927 alius
1128 857 1256 951 magis
1276 858 1460 929 minusve
1479 860 1539 930 di·
1589 892 1591 896 ’

94 1018 231 1068 versus
247 996 435 1068 elenchus
454 1001 684 1070 sanctorum
704 998 889 1088 fratrum,
907 1021 1004 1092 quos
1020 1000 1174 1071 codices
1189 999 1310 1071 etiam
1332 1001 1538 1072 consulen-

94 1140 165 1211 dos
194 1143 233 1212 et
261 1120 508 1214 adhibendos
536 1142 775 1215 censuimus.
805 1229 806 1232 Ἴ

201 1282 341 1354 Primo
369 1285 456 1355 loco
484 1285 742 1357 nominamus
771 1287 856 1357 cod.
887 1285 1039 1358 (lanon.
1069 1284 1241 1357 Miscell.
1279 1284 1356 1357 525
1399 1286 1538 1358 biblio-

94 1426 233 1498 thecae
262 1426 377 1498 Bodl.
409 1414 690 1500 Orioniensis.1
719 1427 946 1523 Oatalogus
976 1429 1116 1522 quiin
1145 1429 1221 1500 hoc
1250 1429 1384 1501 codice
1413 1432 1535 1516 extat,

94 1568 241 1662 ubique
265 1571 450 1664 sequitur
478 1572 657 1643 ordinem
689 1577 728 1642 et
755 1559 1081 1643 formamlibelli
1099 1573 1239 1666 nostri,
1260 1573 1371 1644 addit
1400 1577 1536 1644 tamen
1649 1601 1656 1610 ·

93 1713 242 1785 multos
269 1714 413 1801 iratres
441 1715 609 1809 illasque
638 1715 864 1808 provincias
893 1718 933 1787 et
962 1716 1142 1805 vicarias,
1172 1716 1344 1810 quaein
1379 1716 1449 1788 illo
1473 1717 1537 1788 de-

94 1856 331 1928 siderantur.
361 1857 442 1928 Illa
469 1858 511 1928 in
541 1859 647 1930 notis
675 1859 739 1930 vel
768 1859 810 1930 in
839 1860 1056 1954 appendice
1084 1859 1322 1931 addidimus.
1462 1830 1520 1895 ἰ

204 1997 336 2095 Magis
360 2024 383 2072 a
407 2002 589 2096 catalogo
610 2005 745 2073 nostro
766 2002 915 2074 recedit
934 2002 1015 2091 ille,
1046 2025 1163 2096 quem
1195 2002 1358 2074 exhibet
1386 2004 1469 2075 cod.
1487 2001 1536 2073 23

94 2141 118 2212 Ι
148 2140 198 2212 60
226 2142 492 2215 bibliothecae
515 2144 688 2216 fratrum
708 2145 909 2216 minorum
946 2144 1276 2216 conventualium
1296 2143 1538 2238 Friburgeu-
1569 2240 1576 2249 ,

96 2284 198 2356 sium
216 2281 278 2383 (H
282 2281 489 2386 elvetiae);
507 2285 519 2323 ²
537 2287 693 2380 saepius
709 2289 860 2377 eadem,
877 2287 1093 2381 aliquando
1113 2287 1193 2358 alia
1212 2287 1333 2358 verba
1353 2287 1537 2375 adhibet;
1638 2303 1640 2307 ·

95 2429 230 2523 plures
249 2430 405 2502 omittit
432 2431 589 2520 iratres,
619 2431 689 2525 qui
717 2432 758 2502 in
784 2431 966 2526 catalogo
985 2434 1122 2503 nostro
1142 2431 1418 2522 nominantur,
1439 2431 1539 2503 alios

95 2596 190 2645 vero
218 2575 341 2646 addit.
729 2672 735 2681 Ο
1291 2668 1298 2677 1-

201 2716 361 2790 Novum
392 2719 557 2789 omnino
587 2718 798 2789 elenchum
820 2718 935 2795 offert
953 2718 1037 2789 cod.
1058 2717 1127 2789 lat.
1149 2715 1253 2788 3702
1273 2718 1538 2790 bibliothecae

95 2857 145 2930 R.
161 2857 428 2932 Monacensis.
443 2858 454 2896 ³
473 2860 688 2955 Oatalogus
703 2862 778 2933 iste
792 2861 912 2955 paulo
927 2863 1016 2955 post
1030 2861 1375 2933 canonizationem
1393 2858 1432 2934 S.
1445 2860 1539 2932 Ber·

94 3004 256 3074 nardini
286 3002 484 3095 Senensis,
514 3027 616 3098 quae
644 3005 790 3090 accidit
817 3027 923 3075 anno
952 3002 1070 3094 1450,
1100 3005 1344 3098 compositus
1372 3008 1432 3076 est
1460 3005 1539 3076 alio

95 3147 235 3218 ordine
264 3150 304 3219 et
331 3148 412 3219 alia
439 3149 582 3243 forma,
611 3149 762 3246 multos
789 3148 934 3220 fratres
963 3149 1110 3238 omisit,
1141 3148 1239 3220 alias
1258 3119 1354 3220 vero
1376 3149 1539 3221 notitias

95 3292 273 3386 aliosque
301 3293 445 3364 iratres
473 3293 639 3382 addidit,
669 3315 771 3387 quae
800 3293 938 3364 omnia
966 3293 1007 3363 in
1038 3292 1144 3364 notis
1173 3292 1360 3364 editionis
1380 3296 1538 3365 nostrae

95 3436 329 3529 adjecimus.
1161 3409 1163 3412 ι

204 3577 241 3648 3.
271 3577 486 3683 Praeterea
513 3579 746 3651 nominibus
774 3580 947 3650 fratrum
991 3578 1270 3672 compendiose
1298 3579 1537 3670 addidimus,

96 3743 198 3814 quae
217 3721 260 3792 in
280 3725 491 3793 auctorum
509 3723 717 3793 latinorum
735 3722 878 3794 saccelli
897 3741 981 3792 xiii
1001 3728 1036 3792 ei
1054 3741 1131 3792 XIV
1147 3722 1333 3816 operibus
1353 3723 1455 3815 ippis
1471 3723 1538 3792 ira-

93 3864 236 3956 pressis
256 3863 438 3935 invenire
457 3864 673 3957 potuimus.
695 3863 836 3937 Primo
854 3865 941 3937 loco
961 3864 1228 3936 indicavimus
1242 3865 1372 3951 eiiam,
1390 3865 1423 3936 si
1438 3887 1540 3958 quae

96 4009 212 4081 nobis
240 4032 288 4080 ex
316 4009 433 4081 dictis
462 3998 709 4103 temporibus
737 4009 933 4098 innotuit'3
963 4009 1055 4081 dein
1086 4009 1247 4080 brevem
1290 4009 1536 4081 mentionem
1618 4089 1620 4092 .

167 4353 176 4380 ²
194 4345 273 4400 Fuse
291 4360 360 4400 eum
379 4346 535 4415 descripsit
553 4345 590 4400 cl.
613 4346 705 4401 Little
722 4347 754 4399 in
776 4346 935 4415 Opascules
953 4346 988 4399 de
1010 4345 1138 4414 Critique
1152 4342 1329 4412 Histoi-ique,
1347 4347 1366 4398 t.
1383 4359 1404 4411 1,
1419 4345 1490 4397 iaso.
1508 4358 1537 4412 v,

96 4436 149 4504 qui
168 4436 372 4505 apographum
392 4435 509 4489 elenchi
528 4437 613 4489 nobis
632 4437 763 4506 benigne
781 4437 961 4504 procuravit.
1417 4431 1420 4435 ’

168 4535 177 4561 ²
196 4522 330 4580 Sabatier
348 4525 428 4580 hunc
447 4525 579 4579 codicem
593 4525 748 4594 descripsit
761 4526 793 4578 in
806 4541 862 4579 sua
874 4525 1004 4579 editione
1017 4524 1146 4578 Aetnam
1159 4526 1195 4578 B.
1211 4522 1374 4588 Francisca)
1389 4538 1457 4592 pag.
1473 4538 1537 4577 avr.
1585 4532 1599 4555 ⁰

168 4621 178 4649 ¹
197 4613 241 4669 Cf.
265 4614 437 4683 Caialopam
459 4614 598 4668 Codicum
617 4614 795 4668 Latinorum
813 4614 890 4668 Bibl.
912 4615 981 4683 Rep.
1003 4614 1235 4679 Mamaeanas.
1258 4630 1278 4667 1.
1294 4630 1321 4682 p.
1337 4628 1372 4680 11,
1392 4628 1460 4682 pag.
1477 4612 1538 4680 124,

96 4704 149 4760 ubi
168 4702 290 4757 historia
308 4702 401 4756 brevis
420 4702 533 4757 ordinis
551 4701 685 4770 fratrum
704 4702 856 4756 minorum
874 4706 1013 4770 vocatur,
1035 4703 1093 4755 inc.
1116 4701 1316 4755 «Laudemus
1335 4700 1415 4754 viros
1433 4700 1539 4769 glorio·

96 4809 174 4849 sos»
193 4823 222 4833 —
236 4793 296 4847 dee.
318 4791 379 4844 «in
398 4792 462 4846 vita
480 4793 594 4861 positus
613 4793 651 4846 ad
670 4807 789 4847 carnem
809 4793 930 4846 loricam
951 4793 1086 4860 portabat
1106 4809 1131 4845 >›.
1153 4821 1188 4830 —
1206 4789 1420 4860 Apographum
1449 4789 1539 4857 hujus

96 4882 215 4938 elenchi
243 4882 385 4937 debemus
414 4882 554 4936 confratri
581 4877 734 4937 nostro'P.
756 4881 915 4935 Parthenio
937 4880 1063 4949 Minya,
1085 4881 1134 4934 cui
1162 4896 1199 4934 ex
1227 4880 1314 4933 eorde
1342 4874 1454 4949 gratias
1473 4879 1540 4931 heic

96 4973 225 5043 agimus
