3616 5678
219 435 282 486 Xll
796 439 841 490 IN
845 438 1093 493 TRODUUTIO

219 621 373 694 fructus
402 643 485 695 vm
514 625 606 696 libri
627 626 686 724 suj
713 626 960 699 celeberrimi
981 628 1041 700 Dc
1061 628 1327 725 conformitate
1346 630 1446 700 vitoe
1465 629 1514 699 B.
1535 628 1673 700 Fron

160 741 189 788 ⁷
221 767 310 839 circi
338 766 390 837 od
418 767 536 838 bitom
573 768 731 840 Donaini
766 770 889 841 raostri
924 771 1021 842 Jcau
1048 769 1199 844 Christi
1232 772 1449 843 contexuit.
1480 770 1672 866 Oatalogi

220 910 342 1004 hujus
370 909 647 982 auctoritatem
670 912 807 1006 magni
827 934 982 1006 semper
1001 913 1179 985 habitam
1203 918 1339 985 nostra
1357 918 1538 1007 tempora
1558 936 1673 1007 prae-

220 1052 324 1124 clare
340 1052 557 1142 vindicant,
575 1075 620 1125 eo
637 1055 742 1147 quod
757 1055 888 1128 fontes
903 1057 1110 1147 dederunt,
1128 1079 1226 1151 quos
1241 1056 1415 1129 Pisanus
1434 1056 1672 1128 fidelissime

145 1227 147 1231 ¹
220 1195 415 1267 adhibuit.
445 1194 561 1267 Inter
589 1219 688 1290 quos
716 1197 926 1292 Diolopma
954 1200 1085 1272 locum
1107 1200 1345 1293 primarium
1366 1221 1558 1293 occupare
1574 1171 1671 1294 jam
1737 1274 1741 1279 ,

219 1338 410 1426 diximum
440 1338 539 1410 alios
567 1346 855 1412 conservarunt
887 1340 1078 1415 Olmonioa
1098 1327 1253 1416 XXIV
1263 1343 1513 1435 paroemia,
1537 1347 1578 1413 et
1599 1341 1671 1413 hic

215 1479 302 1573 jam
334 1480 436 1552 alius
464 1482 554 1552 fons
583 1482 747 1554 accedit.
778 1483 925 1561 Facile
944 1484 1110 1556 cuilibet
1146 1484 1315 1578 patescit
1349 1484 1544 1555 Pisanum
1586 1485 1670 1555 for-

219 1646 329 1695 mam
371 1625 431 1696 sui
476 1625 631 1697 elenchi
664 1629 704 1698 et
745 1628 872 1720 ipsam
915 1629 1124 1700 materiam
1157 1651 1205 1700 ex
1237 1628 1375 1700 libello
1418 1632 1554 1699 nostro
1600 1629 1669 1700 de-

219 1767 448 1861 sumpsisse3
479 1769 682 1865 catalogus
711 1773 845 1842 noster
873 1772 956 1843 fere
980 1771 1136 1866 integer
1155 1773 1197 1842 in
1222 1794 1337 1843 suum
1361 1794 1459 1865 opus
1487 1772 1668 1844 transiit.

328 1908 527 1983 Auctores
568 1917 777 2006 sequentes
805 1913 1059 2008 negligimus,
1103 1936 1227 2007 quum
1270 1913 1378 1985 dieta
1415 1915 1588 2008 catalogi
1618 1937 1671 1986 ex

201 2051 421 2126 'Olrroaicis
448 2055 605 2130 XXIV
623 2058 860 2150 petaeredium
888 2057 949 2128 vel
980 2081 1027 2129 ex
1056 2057 1206 2129 Pisano
1235 2059 1566 2152 deprompserint.

548 2450 566 2544 t
596 2449 632 2521 3.
653 2492 703 2502 -
723 2452 784 2525 De
812 2451 971 2525 ratione
990 2452 1115 2544 hujus
1139 2453 1342 2527 editionis.
1392 2498 1403 2517 κ

328 2771 363 2840 1.
395 2770 609 2865 Gatalogus
638 2778 772 2843 noster
799 2774 839 2844 in
871 2750 992 2844 variis
1016 2777 1125 2846 extat
1144 2774 1346 2845 codicibus
1364 2773 1666 2866 manuscriptis.

222 2912 273 2983 In
303 2914 387 2984 cod.
404 2909 460 3010 739
479 2913 632 2985 archivi
653 2915 703 2985 ad
724 2912 762 2986 S.
785 2914 985 3017 Isidorum
1008 2917 1055 2987 de
1076 2915 1187 2988 Urbe
1220 2916 1390 2987 habetur
1418 2916 1523 2987 inter
1547 2916 1671 3008 plura

222 3057 369 3149 scripta
397 3056 567 3127 ascetiea
595 3060 634 3128 et
663 3056 841 3127 moralia.
861 3057 880 3134 ¹,
895 3054 1062 3151 Saepius
1082 3058 1287 3129 invenitur
1307 3059 1349 3128 in
1370 3057 1670 3151 exemplaribus

220 3199 516 3292 compilationis
544 3199 691 3272 sacculi
719 3218 808 3289 xm,
838 3200 952 3294 cujus
981 3201 1166 3295 prologus
1186 3201 1328 3293 incipit
1347 3200 1432 3271 Fac
1460 3201 1668 3273 accuratum

34 3427 41 3438 ,
95 3294 97 3304 Ι
154 3342 155 3345 ’
222 3341 424 3436 cacrnplor,
455 3366 515 3414 ex.
544 3365 601 3437 gr.
632 3343 674 3414 in
704 3345 787 3415 cod.
819 3342 915 3417 Vat.
944 3344 1013 3414 lat.
1035 3341 1152 3433 4354,
1182 3344 1224 3414 in
1245 3346 1329 3416 cod.
1351 3343 1472 3415 theol.
1494 3343 1563 3414 lat.
1585 3343 1667 3413 196

5 3475 9 3489 ”
110 3584 112 3587 .
222 3486 486 3558 bibliothecae
515 3487 564 3557 R.
596 3486 868 3558 Berolinensis
888 3487 995 3557 acin
1015 3487 1085 3557 illo
1106 3487 1239 3557 codice
1259 3485 1514 3580 Lignitiensi,
1543 3461 1707 3579 quemv

221 3629 309 3700 fuse
337 3630 546 3722 descripsit
575 3613 803 3701 Sabatier.2
836 3629 990 3700 Bonam
1022 3630 1234 3701 lectionem
1264 3630 1428 3723 praebet
1466 3629 1588 3699 codex
1617 3648 1668 3700 xr

224 3769 300 3841 148
329 3772 595 3844 bibliothecae
624 3773 674 3843 ad
704 3770 743 3845 S.
773 3770 1055 3862 Florianurn,³
1086 3795 1204 3865 quem
1226 3771 1436 3865 praecipue
1456 3772 1582 3842 secuti
1604 3793 1668 3843 su-

116 3939 119 3944 ·
221 3937 311 3986 mus
339 3915 484 3986 additis
513 3916 555 3986 in
585 3915 691 3986 calce
719 3915 887 4009 paginae
917 3915 997 3986 illis
1017 3915 1186 3985 aliorum
1210 3915 1391 3986 codicum
1412 3913 1667 4006 lectionibus,

222 4081 323 4151 quae
354 4058 520 4130 utilitati
549 4080 631 4129 esse
660 4062 859 4151 poterunt.
905 4057 1120 4152 Oatalogus
1148 4058 1191 4128 in
1219 4057 1424 4130 recensitis
1462 4057 1668 4130 codicibus

222 4201 358 4271 eodem
372 4201 498 4271 -modo
519 4205 558 4271 et
578 4200 716 4271 ordine
736 4200 967 4319 exhibetqr3
989 4205 1174 4272 notamus
1194 4200 1426 4294 praesertim
1455 4201 1497 4270 in
1521 4200 1665 4271 iisdem

292 4506 301 4533 ²
321 4501 419 4556 Codex
440 4502 492 4554 123
502 4499 538 4570 ><
550 4502 593 4568 86,
615 4500 721 4569 partim
742 4501 862 4554 membr.
877 4499 984 4568 partim
997 4503 1118 4565 cartae,
1140 4498 1268 4566 scriptus
1281 4503 1325 4551 est
1338 4512 1415 4551 saec.
1433 4512 1472 4550 xv
1487 4500 1516 4549 et
1529 4496 1601 4549 folia
1615 4497 1667 4548 ha·

220 4594 270 4647 bet
289 4592 356 4659 aas,
377 4591 531 4660 catalogus
550 4594 631 4644 extat
650 4589 703 4643 tol.
725 4588 775 4642 75r
791 4619 800 4627 ·
815 4589 872 4642 79⁸·

292 4682 355 4735 ‘’In
377 4682 536 4749 Oposcules
563 4681 597 4733 de
629 4678 757 4748 Critiquc
783 4678 959 4748 Historiqae,
992 4683 1012 4732 t.
1044 4693 1064 4730 1.
1084 4678 1154 4730 taso.
1176 4692 1211 4743 11,
1238 4676 1290 4744 qui
1319 4676 1523 4745 apographum
1552 4673 1666 4728 codicis

220 4773 350 4840 henigne
368 4770 453 4824 nobis
473 4769 679 4824 commodavit.
701 4767 784 4822 Alios
804 4768 877 4822 duos
897 4768 1013 4850 codices
1032 4766 1111 4820 idem
1130 4765 1167 4819 cl.
1189 4769 1292 4819 auctor
1310 4764 1466 4833 descripsit
1485 4765 1517 4817 in
1530 4779 1585 4818 sua
1604 4765 1666 4818 edi·

220 4861 301 4914 tione
319 4859 436 4928 Speculz'
451 4857 649 4928 perfectionis,
671 4873 739 4927 pag.
761 4872 876 4912 cuxxv1
896 4873 976 4925 seqq.
1574 4912 1580 4924 ⁶

292 4947 302 4975 ³
320 4947 366 5000 De
384 4961 443 5016 quo
463 4946 564 5000 codice
582 4945 683 5013 plures
698 4944 761 5012 jam
781 4945 1000 5011 disseruerunt3
1015 4944 1052 4997 ct.
1068 4958 1113 5010 ea,
1128 4957 1205 5012 quae
1218 4941 1349 4995 diximus
1362 4941 1395 4994 in
1407 4941 1592 4995 Documento
1606 4941 1666 4994 Ao-

222 5037 306 5108 tiquo
325 5035 537 5102 Franciscanu,
559 5039 579 5089 t.
601 5050 649 5102 111,
669 5049 737 5105 pag.
760 5034 803 5102 12,
824 5037 885 5088 not.
908 5035 933 5087 1.
