3616 5678
107 1667 135 1707 ‘29
149 1675 187 1709 vu

109 4820 154 4860 bv

110 4981 135 5020 14
150 4988 180 5020 Ill

602 444 680 508 'In
708 453 948 508 enormem
976 450 1266 521 norurnnran.

531 1306 596 1381 IN
624 1302 954 1382 PROVINCIA
985 1301 1371 1397 Aqulnnnlnn.

335 1646 388 1717 In
417 1649 619 1718 conventu
638 1644 795 1739 Iliqinci
822 1644 1150 1740 [Figeac]ti·ate1·
1177 1626 1490 1723 Aldcmal‘llsl)
1519 1645 1571 1717 de
1602 1645 1689 1717 Fil-
1752 1616 1764 1715 s

228 1772 349 1858 cirtio,-
376 1772 451 1843 iste
479 1771 688 1844 suscitavit
715 1779 906 1862 mortuos,
936 1770 1186 1842 illuminavit
1218 1792 1354 1842 caecos
1382 1772 1435 1843 et'
1451 1774 1625 1843 vexatos
1663 1794 1688 1843 a
1756 1808 1760 1813 ·

228 1897 450 1969 daemoniis
477 1898 676 1988 liberavit,
720 1897 823 1968 sicut
849 1898 898 1969 dc
926 1897 989 1969 his
1017 1896 1294 1969 testimonium
1337 1895 1524 2006 perhibet
1552 1898 1687 1970 frater

227 2021 408 2094 Joanncs
436 2023 561 2095 lector
590 2021 737 2094 Assisii
766 2045 872 2094 anno
900 2021 1070 2094 Domini
1100 2020 1216 2093 1335.

336 2181 447 2232 VITA.
465 2181 528 2233 Iac.
550 2197 566 2230 «
581 2179 695 2234 Olaruit
713 2179 804 2233 etiam
822 2182 953 2248 tempore
975 2178 1062 2232 istius
1087 2178 1265 2247 generalis»
1285 2208 1319 2217 -
1337 2177 1406 2233 Des.
1428 2195 1444 2229 «
1458 2192 1557 2247 usquc
1578 2179 1613 2232 in
1633 2179 1683 2233 hc·

228 2276 365 2331 diernum
385 2277 463 2332 diam
483 2292 638 2332 coruscare
656 2292 717 2330 non
736 2280 832 2331 cessat
845 2294 870 2330 ».
894 2275 1001 2330 Chaon.
1024 2291 1099 2330 xxiv
1116 2291 1194 2345 pen,
1216 2291 1265 2345 pg.
1287 2275 1415 2329 los-467.

297 2453 300 2458 ⁵
336 2464 389 2536 In
419 2462 561 2536 Scitote
589 2461 783 2559 africano
814 2459 890 2559 [St.
920 2459 1123 2555 Affriquc]
1152 2461 1278 2531 frater
1306 2453 1583 2559 (kinelmus,
1613 2462 1684 2556 qui

229 2590 369 2662 multis
398 2590 545 2662 claruit
572 2589 790 2661 miraculis.
936 2651 954 2689 ,

335 2807 387 2876 ,ln
407 2805 610 2878 nescituro
640 2802 857 2902 [Aurillac]
887 2804 1012 2875 frater
1030 2798 1251 2897 ltigallllls
1271 2803 1432 2875 sanctus
1453 2801 1590 2893 horno,
1611 2801 1680 2897 qui

230 2931 360 3002 multa
388 2931 485 3003 fecit
512 2931 709 3002 miranda.

340 3146 498 3218 Potesne
519 3145 748 3240 [Toulouse]
769 3146 895 3216 frater
915 3137 1188 3241 Stephanum
1206 3143 1317 3238 prius
1332 3143 1455 3216 abbas
1474 3142 1518 3215 in
1538 3141 1674 3215 ordine

230 3269 270 3345 S.
300 3271 523 3361 Benedicti,
553 3272 648 3355 dum
670 3278 772 3345 essct
801 3292 983 3365 magnus,
1005 3270 1134 3342 voluit
1162 3292 1245 3342 esse
1274 3269 1428 3359 minor3
1453 3269 1585 3341 factus
1617 3269 1670 3338 in·

228 3399 398 3493 quisitor
413 3403 551 3471 contra
565 3398 785 3470 haereticos
801 3420 947 3469 corona
961 3397 1146 3491 martyrii
1162 3398 1370 3492 signorum·
1383 3395 1512 3490 gloria
1527 3393 1666 3467 meruit

230 3526 452 3597 sublimari.
474 3520 497 3569 l)

336 3682 410 3736 Fere
428 3682 508 3735 idem
528 3681 617 3737 ans.
638 3697 688 3751 pg.
711 3681 773 3735 669.

337 3779 380 3834 Cf.
404 3779 510 3834 Obrue.
533 3796 607 3834 xxiv
624 3796 702 3849 pen„
724 3796 773 3849 pg.
795 3779 848 3832 248
868 3782 949 3846 (nota
967 3779 1006 3847 4),
1030 3795 1079 3849 pg.
1101 3778 1153 3832 249
1180 3781 1261 3845 (nota
1280 3777 1318 3845 3)3
1339 3778 1412 3832 Actu
1434 3777 1499 3843 SS„
1524 3776 1593 3847 maii
1614 3788 1666 3842 ru,

229 3896 279 3949 pg.
302 3879 430 3932 180-183.

334 4097 360 4152 a)
379 4093 433 4141 :ilii
452 4109 465 4139 u
477 4091 652 4141 Aldimarus»
672 4090 714 4140 vel
733 4107 745 4137 u
757 4090 905 4140 Ademarus
917 4109 930 4135 »
947 4090 990 4150 (cl.
1009 4093 1092 4139 Aeol.
1112 4092 1224 4148 Facite,
1242 4093 1259 4138 t.
1278 4103 1307 4139 111
1325 4102 1370 4153 pg.
1388 4089 1435 4138 lot
1453 4091 1507 4139 net.
1526 4088 1558 4148 l).

335 4176 358 4225 o)
377 4173 461 4221 Oxon.
481 4171 566 4234 primo
583 4171 642 4220 loco
659 4171 780 4220 nominat
797 4171 827 4218 sr.
845 4171 1026 4232 Stephanum.
1045 4170 1146 4220 Deinde
1165 4169 1266 4232 pergit:

335 4255 425 4302 «Item
443 4253 522 4302 frater
538 4252 658 4301 Michucl
674 4251 759 4301 laicus
776 4251 804 4299 in
822 4250 877 4299 vita
894 4255 921 4300 et
938 4251 966 4299 in
984 4253 1068 4300 morte
1094 4250 1231 4299 miraculis
1261 4249 1405 4312 gloriosus.
1431 4249 1500 4299 Nam
1523 4236 1684 4299 obedientie
1761 4260 1773 4300 t.

230 4334 401 4398 coquinarius
418 4334 536 4383 existens
553 4334 623 4383 inter
639 4336 725 4383 cetera
742 4331 862 4381 oratione
879 4331 1023 4381 distractus
1048 4345 1133 4393 usque
1158 4331 1300 4393 prandium
1326 4329 1465 4394 pulmento
1489 4324 1690 4394 praetermisso

230 4415 323 4463 statim
340 4416 398 4476 ejus
415 4414 479 4462 hora
499 4412 583 4476 ipsius
608 4411 710 4461 meritis
734 4410 893 4460 miraculose
917 4411 1008 4460 extitit
1033 4410 1152 4474 plenarie
1177 4412 1363 4473 praeparatum
1383 4409 1456 4469 (Vita
1478 4409 1510 4459 fr.
1532 4393 1695 4457 Michaelis
1766 4408 1780 4461 's

231 4496 335 4557 llrrpott
350 4495 378 4543 in
398 4496 497 4542 Cluen.
516 4505 581 4541 xxiv
595 4506 668 4552 pera,
687 4505 730 4554 pg.
749 4491 872 4550 524-527).
1691 4544 1700 4553 θ

336 4593 348 4617 a
365 4575 394 4621 ln
412 4574 560 4634 Mirnpiscc
576 4571 727 4634 [liircpoix]
745 4570 824 4620 frater
842 4572 930 4620 Gutdo
947 4571 979 4620 de
995 4571 1088 4621 eodem
1106 4573 1136 4631 (Ρ)
1155 4570 1284 4619 honestus
1294 4572 1322 4618 et
1333 4568 1500 4632 paupertatis
1510 4567 1616 4626 zelator,
1632 4558 1703 4618 c1¹¹¹

230 4667 290 4702 cum
308 4657 378 4703 esset
395 4653 534 4714 cujusdam
553 4651 602 4700 viri
621 4651 784 4700 nobilissimi
802 4652 997 4714 primogenitas
1008 4656 1035 4701 et
1047 4652 1149 4710 haeres
1162 4650 1289 4700 omnibus
1301 4653 1409 4713 propter
1422 4650 1504 4700 neum
1516 4628 1710 4709 contemp*js

230 4734 371 4784 <levatione
388 4734 468 4783 irater
486 4733 571 4782 minor
589 4733 675 4782 sactus
692 4736 782 4781 sancto
800 4731 902 4794 quierit
917 4732 960 4791 (cl.
979 4733 1049 4781 Auo.
1068 4731 1163 4790 Clau„
1181 4730 1244 4781 trib.
1263 4730 1278 4778 6
1294 4733 1321 4779 et
1337 4730 1370 4790 it.

336 4832 348 4857 «
365 4814 429 4862 Item
446 4813 541 4862 beatus
558 4813 638 4860 frater
655 4812 843 4873 Iltcrairratus,
860 4825 929 4860 unus
941 4811 973 4861 de
988 4812 1034 4859 Xll
1046 4811 1127 4860 sociis
1138 4810 1210 4860 beati
1227 4809 1364 4859 Francisci
1377 4809 1412 4859 ab
1424 4810 1492 4873 ipso,
1503 4812 1533 4859 ut
1543 4778 1720 4871 accipere*

230 4892 289 4942 loca
307 4893 442 4947 fratribus,
460 4906 505 4955 per
522 4892 651 4940 mundum
670 4891 775 4950 missus,
794 4891 894 4941 ibidem
908 4891 1045 4941 miracolis
1057 4891 1171 4953 quiescit
1182 4906 1207 4939 n.
1224 4889 1379 4952 Sequuntur
1391 4889 1421 4939 ir.
1436 4891 1610 4946 Alcamenes,
1624 4868 1676 4929 θ
1683 4868 1727 4910 μ’

232 4976 339 5023 licturus
355 4987 386 5022 ac
403 4975 536 5034 Ripnlclus
552 4973 602 5032 (uti
619 4972 827 5035 sup1·a)‚etloco
845 4971 939 5020 ultimo
956 4972 1068 5034 legitur:
1088 4990 1100 5014 «
1113 4971 1141 5019 ln
1160 4973 1294 5019 Cirturclec
1312 4970 1393 5020 frater
1410 4971 1557 5033 Philippus
1569 4944 1738 5055 Βοηθμὶ

230 5067 299 5102 unus
316 5053 348 5103 de
360 5055 406 5101 ΧΠ
418 5054 498 5102 sociis
515 5053 587 5103 beati
604 5053 739 5102 Francisci
752 5053 779 5100 in
792 5051 886 5100 multis
903 5051 1079 5101 miraculosus
1091 5070 1115 5097 ».
1127 5052 1170 5100 Fr.
1182 5051 1327 5114 Philippus
1338 5049 1486 5100 secundum
1500 5052 1596 5100 chron.
1610 5061 1630 5097 a
1639 5028 1719 5089 5¹

228 5147 289 5195 peu.
303 5136 358 5196 (pg.
370 5133 426 5194 252)
442 5136 468 5182 et
484 5133 541 5183 cod.
560 5132 631 5182 Frib.
645 5132 788 5195 requiescit
798 5132 826 5181 in
838 5135 970 5182 conventu
984 5132 1009 5180 S.
1023 5131 1158 5181 Francisci
1171 5130 1278 5186 Amisit,
1290 5130 1437 5180 secundum
1450 5131 1505 5183 Pis.
1517 5129 1557 5191 (n.
1570 5141 1597 5181 xi
1608 5141 1660 5193 p·

1703 5090 1749 5145 iil
