3616 5678
486 410 535 477 rx
564 409 803 463 enormem
831 409 1007 460 reseas
1035 408 1244 461 suxeris.
1354 387 1360 394 “

307 1296 310 1302 ,
368 1257 430 1332 m
460 1258 792 1334 enormem
821 1258 1054 1331 raanan
1083 1208 1361 1332 silurum.

247 1573 392 1644 Frater·
419 1568 614 1651 «Iacobus
642 1578 775 1644 custos
816 1543 981 1665 martyr,
1024 1574 1149 1644 frater
1189 1541 1416 1649 Jorernios
1457 1573 1586 1644 socius
1641 1591 1708 1632 an

124 1688 222 1781 ejus
259 1702 299 1770 et
328 1702 493 1791 martyr.
523 1697 578 1770 Et
597 1698 666 1768 alii
695 1705 846 1792 septem
875 1698 1020 1768 fratres
1049 1697 1172 1768 nostri
1203 1699 1399 1789 martyres
1418 1719 1507 1768 cunr
1531 1697 1587 1768 eis

124 1815 304 1912 propter
322 1823 557 1917 religionem
587 1821 680 1893 fidei
700 1823 1001 1919 decollatisunt
1023 1822 1194 1925 jubente
1215 1820 1393 1893 Melcasa
1413 1815 1587 1893 Soldano

125 1932 365 2041 Asssrotiss

250 2104 360 2158 Eorum
380 2105 555 2173 martyrium
576 2108 707 2158 relerunt
725 2104 804 2157 inter
822 2103 897 2156 alios
917 2092 990 2155 bns.
1013 2102 1111 2156 Enen.
1133 2107 1162 2156 et
1182 2102 1329 2157 Masinis
1349 2100 1518 2157 Snxl'l'lts.²

91 2283 95 2291 ’
129 2290 158 2341 nt
180 2295 235 2352 Sic
257 2306 403 2357 tormenta
421 2308 524 2371 parata
542 2301 689 2371 diffugiat.
710 2301 757 2354 Ad
776 2316 865 2369 quem
885 2302 975 2355 irater
993 2305 1164 2355 constanter
1182 2301 1343 2370 respondit,
1363 2316 1468 2356 senon
1482 2301 1591 2356 habere

122 2376 182 2433 'has
206 2385 337 2460 litteras,
357 2407 432 2461 quas
450 2392 579 2460 petebat,
599 2392 651 2445 sed
670 2407 688 2444 a
706 2407 783 2460 papa
805 2392 958 2445 confessus
977 2396 1022 2445 est
1040 2387 1072 2445 'se
1092 2391 1204 2445 litteras
1219 2391 1358 2445 babuisse
1371 2395 1401 2445 et
1413 2390 1492 2460 quod
1510 2391 1590 2445 dom·

135 2479 192 2522 ¹¹1¹ss
213 2492 296 2550 papa
314 2480 507 2535 mandaverat
525 2495 557 2534 se
575 2481 690 2547 iecisse,
711 2495 767 2549 nec
786 2495 901 2534 essese
921 2481 1081 2548 bominem,
1103 2467 1192 2548 quem
1217 2480 1321 2534 deceat
1342 2480 1416 2534 alios
1439 2495 1589 2546 accusare,

138 2564 273 2624 maxime
291 2570 362 2625 dum
381 2574 568 2639 quaeruntur
585 2570 623 2623 ad
641 2574 776 2637 mortem,
790 2573 820 2623 et
838 2584 870 2623 se
884 2573 1020 2638 paratum
1035 2584 1100 2623 esse
1120 2569 1295 2646 simpliciter
1307 2569 1390 2637 prius
1402 2569 1487 2636 mori,
1502 2583 1591 2638 quam

139 2656 332 2714 sacerdotalis
351 2661 459 2714 tractor
477 2675 541 2714 esse
554 2660 657 2730 sigilli.
678 2659 718 2714 At
737 2660 859 2730 regulus
878 2660 998 2728 impius,
1019 2659 1090 2712 dum
1110 2659 1212 2731 debuit
1225 2659 1323 2715 fratris
1337 2659 1477 2712 admirari
1496 2664 1525 2713 et
1543 2674 1592 2713 ve-

119 2745 242 2805 .¹¹0rari
260 2750 468 2817 constantiam,
488 2750 685 2804 exardescens
704 2750 736 2802 iu
754 2750 829 2803 iram
840 2763 917 2815 ,eum
940 2749 1099 2803 tortoribus
1119 2748 1195 2801 tradi
1210 2748 1302 2816 jussit
1321 2763 1355 2800 ac
1374 2747 1405 2800 in
1425 2748 1593 2816 praesentia

141 2832 196 2878 ⁸¹1³
218 2832 280 2904 igni
298 2839 426 2908 supponi
445 2839 624 2893 ferramenta
642 2839 795 2892 mandavit
808 2843 837 2892 et
850 2837 1048 2891 excandentia
1060 2852 1113 2906 per
1125 2837 1222 2905 tybias
1236 2837 1308 2890 dicti
1322 2836 1420 2890 fratris
1433 2852 1450 2889 a
1462 2837 1591 2906 genibus

140 2921 241 2982 us<lue
257 2927 293 2980 ad
312 2912 403 2997 pedes
421 2927 533 2996 pluries
552 2928 629 2982 trahi
649 2928 727 2981 iecit.
749 2925 807 2980 Sed
820 2933 849 2980 et
862 2927 929 2980 aliis
948 2926 1051 2979 multis
1065 2926 1160 2979 modis
1173 2930 1319 2980 tormenta
1332 2925 1378 2978 illi
1392 2925 1462 2980 lecit
1474 2925 1589 2992 inlerri,

110 3014 113 3019 ’
140 2999 193 3055 Sid
218 3013 330 3085 trustra,
352 3017 423 3086 qnia
442 3017 525 3071 aliud
544 3031 634 3086 quam
653 3016 713 3070 Deo
729 3017 842 3085 pretias
862 3020 891 3070 et
903 3015 1052 3069 Dominus
1071 3015 1148 3069 vobis
1167 3015 1319 3084 tridulqent
1334 3015 1372 3068 ab
1385 3015 1450 3082 eJus
1469 3029 1519 3069 ore
1532 3030 1592 3068 non
1671 3055 1673 3059 >

138 3094 242 3157 P⁰tuit
258 3106 436 3175 extorqueri,
458 3121 526 3160 cum
539 3110 639 3160 tamen
652 3121 689 3160 ex
702 3106 861 3160 tortoribus
874 3105 968 3174 aliqui
981 3105 1064 3159 illius
1077 3105 1204 3159 luissent
1217 3104 1449 3173 conspirationis
1457 3108 1592 3159 auctores

137 3177 161 3228 ⁰i
185 3195 312 3264 conscii,
333 3196 359 3250 si
379 3202 478 3250 tamen
497 3196 676 3265 conspiratio
695 3195 754 3249 dici
774 3197 876 3264 possit,
896 3195 948 3252 ubi
968 3210 1022 3249 suo
1041 3185 1184 3249 obediunt
1203 3194 1316 3262 majori.
1333 3193 1503 3248 Tormentis
1522 3208 1592 3263 erg-o
1681 3179 1685 3187 ¹

136 3264 206 3327 ‘³¹11
227 3286 333 3354 asperis
352 3286 475 3354 probata
493 3274 636 3339 fidelitate
653 3289 684 3339 et
702 3285 847 3353 patientia
866 3285 938 3338 dicti
957 3285 1066 3352 fratris,
1088 3284 1249 3339 crudelitas
1274 3284 1396 3353 tyranni
1424 3283 1593 3338 retunditur

135 3355 158 3452 ⁰}
187 3369 234 3423 ad
251 3375 353 3429 tratres
372 3376 461 3428 frater
480 3375 575 3429 redire
601 3375 790 3444 permittitur.
812 3374 869 3428 Hic
887 3375 930 3429 ita
948 3375 1038 3429 irater
1057 3375 1113 3428 sibi
1133 3374 1304 3435 humilitate
1330 3374 1477 3428 vilescens
1497 3379 1526 3427 et
1545 3389 1591 3428 ca-

134 3445 235 3513 rlt{lte
251 3463 287 3517 ad
305 3463 456 3533 proximos
474 3479 545 3518 vera
562 3465 681 3518 fervens
699 3456 735 3517 'in
754 3465 886 3518 oratione
905 3464 1031 3519 devotus
1049 3463 1123 3537 Deo,
1144 3463 1197 3517 sed
1216 3463 1420 3532 compassione
1442 3462 1592 3516 inclinans

133 3540 160 3582 ⁸⁰
190 3553 338 3621 Proximo,
359 3553 449 3607 verbo
475 3553 634 3620 modestus,
664 3558 752 3623 gestu
780 3553 970 3622 compositus,
1001 3552 1088 3607 corde
1116 3553 1276 3622 benignus,
1297 3553 1373 3605 facie
1392 3551 1591 3618 verecundus

132 3632 249 3695 gratu,
266 3643 371 3710 utique
388 3641 451 3696 Deo
470 3647 500 3697 et
518 3643 655 3712 placidus
673 3644 807 3721 proximo
827 3657 896 3697 vere
915 3646 987 3710 erat,
1008 3646 1170 3711 antequam
1191 3657 1260 3696 eum
1279 3643 1384 3695 fornax
1404 3641 1477 3694 haec
1503 3641 1593 3694 tribu-

132 3703 289 3785 lationum
309 3731 464 3785 invaderet
476 3736 505 3786 et
517 3733 602 3786 velut
614 3747 720 3786 aurum
734 3724 879 3801 optimum
893 3732 1105 3800 comprobaret.
1121 3729 1179 3785 Sed
1193 3736 1222 3785 et
1234 3735 1390 3800 postquam
1405 3744 1457 3797 per
1470 3734 1592 3784 mortem

131 3792 211 3861 Deo
229 3821 357 3874 animam
378 3820 515 3889 reddidit,
537 3822 640 3875 multis
661 3822 813 3875 miraculis
833 3821 1001 3875 coruscavit
1015 3840 1040 3874 ›>.
1368 3835 1370 3841 ·

161 3925 167 3931 ·
232 3920 236 3926 '
252 3916 261 3944 ²
281 3910 355 3965 Min.
376 3910 540 3965 En-rnonn.
556 3912 655 3964 adan.
671 3911 740 3963 1266
753 3926 807 3980 pga
820 3910 872 3964 205
885 3908 1138 3965 dicitz'Soldanus
1152 3910 1334 3979 Babyloniae
1354 3929 1369 3961 «
1383 3912 1461 3978 cepit
1474 3923 1593 3978 quoque

130 3977 154 4026 ⁰⁸
183 3999 361 4054 perfodiens
380 3993 568 4070 expugnavit
584 4004 714 4054 castrum
736 4000 973 4054 munitissimum·
989 4000 1237 4068 templariorum,
1256 3999 1459 4067 quod-dicitur
1471 3995 1591 4066 Saphet,

130 4059 167 4165 ¹¹¹·
187 4090 256 4146 quo
274 4089 380 4144 fratres
399 4090 558 4143 cruciferos
572 4094 601 4143 et
615 4072 689 4143 alios
709 4089 885 4143 christianos
904 4089 1042 4143 inventos
1055 4089 1137 4142 duris
1150 4088 1280 4142 vinculis
1294 4087 1471 4143 constrinxit
1484 4087 1520 4140 ad
1534 4086 1593 4140 duo

129 4157 226 4222 '⁰¹¹5st
247 4175 277 4233 et
290 4179 400 4248 plures.
422 4179 484 4234 Hos
496 4194 599 4233 omnes
613 4177 761 4232 Soldanus
774 4178 951 4248 singillatim
965 4179 1129 4232 examinari
1135 4160 1231 4255 ⁴jussit
1243 4178 1467 4247 promissionem
1481 4177 1593 4231 iaciens

127 4246 297 4323 publicam
317 4269 354 4323 de
372 4270 435 4323 vita
453 4270 496 4324 eis
516 4270 623 4335 danda,
645 4270 828 4338 quicumque
847 4284 885 4323 ex
906 4270 948 4322 eis
970 4267 1118 4323 Christum
1139 4269 1243 4323 Jesur'n
1263 4272 1293 4322 et
1311 4269 1399 4322 fidem
1420 4266 1528 4322 Christi
1543 4282 1591 4321 ne·
1637 4315 1641 4323 .

126 4339 227 4403 3⁸¹⁸(st
249 4363 279 4411 et
300 4356 517 4411 Machometum
537 4357 703 4412 secundum
725 4357 814 4410 ritum
834 4351 1064 4410 sarracenorum
1083 4357 1200 4410 coleret.
1222 4355 1257 4408 In
1276 4356 1329 4408 illa
1348 4360 1408 4410 tam
1427 4356 1594 4425 pericu-losa

124 4425 158 4466 ⁸⁰
187 4442 301 4498 valida
320 4445 483 4499 tentatione
502 4445 636 4499 fidelium
656 4445 715 4499 duo
733 4446 837 4499 iratres
856 4444 995 4511 minores
1016 4443 1155 4498 videlicet
1174 4445 1264 4498 trater
1281 4443 1407 4507 ,Iacobus
1426 4447 1525 4497 custos
1538 4444 1593 4496 lra-

125 4509 218 4603 ‘Q'll
242 4539 273 4590 et
292 4533 358 4603 ejus
377 4525 474 4588 socius
494 4535 583 4588 trater
601 4534 755 4599 ,Ieremias
776 4528 969 4598 sincerissimi
988 4533 1066 4588 servi
1086 4532 1151 4600 Dei,
1167 4533 1230 4586 zelo
1243 4533 1312 4587 fidei
1326 4533 1443 4586 accensi
1457 4537 1592 4586 constan-

124 4594 331 4693 tl‚ssitneper
350 4623 479 4678 medium
499 4625 682 4696 captivorum
703 4624 911 4690 discurrentes
932 4623 1124 4693 singulariter
1149 4623 1304 4678 universos
1329 4629 1359 4677 et
1384 4623 1593 4678 universaliter
1622 4658 1626 4665 -

83 4718 87 4725 ’
119 4691 282 4793 'mugillos
301 4713 333 4764 in
352 4711 411 4765 fide
430 4712 580 4766 katholica
599 4704 813 4779 confortabant,
834 4725 871 4765 ex
890 4712 1000 4779 quibus
1018 4711 1035 4763 8
1055 4711 1159 4783 timore
1179 4711 1280 4766 mortis
1299 4710 1420 4780 impulsi
1440 4710 1528 4764 fldem
1543 4725 1592 4765 ne·

126 4783 252 4856 gustes
271 4801 391 4871 publice
410 4791 661 4870 apostataverunt,
682 4802 772 4855 ceteri
792 4816 893 4855 omnes
912 4800 943 4853 in
957 4800 1141 4854 coulessione
1154 4800 1282 4854 nominis
1295 4800 1352 4854 Dei
1370 4804 1592 4869 perseverantes

127 4871 257 4956 {miter
276 4890 414 4945 decollati
434 4896 514 4960 sunt,
535 4891 658 4946 soldano
673 4891 807 4959 jubente.
831 4889 942 4943 Ultimo
962 4894 1029 4959 post
1047 4905 1149 4944 omnes
1168 4890 1225 4959 ipsi
1244 4889 1303 4944 duo
1332 4889 1460 4944 minores
1488 4890 1592 4951 fratres

128 4952 198 5015 ΜΠ
222 4981 370 5035 nominati
391 4981 548 5050 capitalem
567 4981 745 5034 sententiam
765 4980 928 5056 subeuntes
946 4979 1108 5049 gloriosum
1132 4979 1306 5049 martyrium
1326 4979 1550 5048 compleverunt
1564 4998 1589 5034 ».
1637 4997 1641 5003 ’

255 5069 338 5125 Man.
361 5069 435 5152 San.
457 5070 652 5139 ad1266pg.
674 5069 1027 5129 222relert:«(lbtento
1055 5072 1151 5124 castro
1170 5073 1235 5138 post
1254 5070 1326 5124 solis
1345 5083 1482 5123 occasum
1511 5069 1592 5124 misit
1700 5144 1706 5154 .
1796 5108 1802 5119 .
