3616 5678
736 392 738 395 ’
839 427 1077 480 APPuuulx.
1177 452 1181 460 .

483 938 528 1001 De
546 940 635 995 beotia
653 939 799 1008 fratribus
817 941 851 996 in
866 934 1021 1021 mentatio
1040 941 1188 998 Arteman
1208 942 1427 1012 quiescentibus.
1465 1027 1470 1035 ι

777 1071 783 1080 ’
833 1096 1010 1162 capitum
1029 1097 1081 1150 aa.

255 1323 259 1330 .
309 1242 344 1297 ln
360 1244 523 1298 Centaurica
536 1245 625 1300 irater
637 1224 788 1330 Jobannea
808 1247 938 1316 Peccom,
960 1247 1199 1316 archiepiscopus
1220 1245 1363 1316 ejusdem,
1387 1245 1488 1302 sacrae
1511 1247 1685 1317 theologiae

239 1342 389 1412 magister,
409 1343 487 1398 inter
506 1344 600 1398 multa
619 1344 656 1397 de
674 1359 759 1398 saera
777 1344 923 1414 scriptura
942 1359 1063 1414 opera...
1084 1345 1160 1400 illud
1179 1349 1297 1400 sacrum
1316 1344 1409 1401 edidit
1427 1344 1558 1414 officium
1581 1361 1686 1400 sacrae

239 1441 404 1510 Trinitatis,
425 1457 484 1511 quo
503 1457 584 1497 nunc
604 1457 724 1497 romana
741 1444 837 1498 utitur
855 1443 1013 1526 ecclesia.²
1105 1480 1108 1487 -
1640 1455 1642 1458 ⁴

215 1607 220 1615 ·
311 1593 433 1648 Oeconiis
443 1595 533 1649 irater
542 1595 683 1664 Aqnettua
692 1595 727 1648 dc
737 1594 825 1660 Pisis,
839 1597 986 1664 praefatae
996 1597 1166 1665 provinciae
1176 1597 1289 1666 primus
1300 1597 1443 1668 minister,
1451 1591 1540 1652 etiarn
1552 1600 1686 1667 tempore

237 1692 316 1746 beati
335 1692 486 1746 Francisoi
507 1692 609 1747 multis
628 1693 736 1748 claruit
755 1693 927 1748 mirandis.⁹

310 1843 466 1898 trincboaii
478 1846 627 1910 ttobertns,
644 1845 727 1906 illius
739 1846 905 1916 episcopus,
917 1862 1018 1901 sacrae
1030 1843 1197 1917 theologiae
1207 1847 1358 1918 magister,
1371 1849 1401 1902 in
1412 1863 1472 1917 qua
1482 1849 1578 1903 multa
1590 1849 1687 1905 edidit

238 1943 396 2012 praecipue
415 1957 505 2012 super
523 1943 613 1997 libros
631 1944 710 2005 beati
724 1943 861 2013 Dionysii
874 1943 1072 2020 Areopagitae
1091 1951 1120 2001 et
1139 1948 1200 2001 iere
1218 1946 1250 1999 in
1263 1946 1407 2001 omnibus
1426 1947 1610 2008 liberalibus.
1627 1948 1687 2003 Hie

238 2041 382 2110 puerulus
407 2042 486 2111 apud
511 2041 653 2095 tratresa)
672 2028 808 2109 nutritus
822 2042 944 2102 Oxoniis
963 2049 1065 2113 postea
1084 2045 1240 2114 episeopus
1267 2045 1364 2099 iactus
1384 2036 1491 2100 'sancte
1513 2045 1685 2116 decrepitus

237 2141 366 2195 moriens
385 2156 487 2196 omnes
500 2156 569 2196 suos
583 2142 673 2196 libros
686 2158 753 2196 eum
767 2143 874 2197 baculo
893 2143 1054 2198 senectutis
1073 2139 1163 2212 atque
1182 2158 1236 2197 suo
1255 2144 1343 2197 corde
1355 2143 1494 2198 iratribus
1516 2148 1687 2200 conventus
1724 2142 1734 2155 ⁰

238 2239 406 2308 praedictae
425 2239 557 2294 Oxoniae
570 2240 728 2295 'dimittens
752 2256 805 2310 pro
833 2241 932 2306 studio
958 2245 987 2296 et
1010 2241 1151 2296 fratribus
1180 2241 1305 2295 intirmis
1333 2246 1362 2296 et
1390 2241 1523 2313 antiquis
1550 2242 1686 2312 ingentis

239 2336 404 2392 devotionis
418 2343 675 2417 causa,tanquam
694 2355 782 2394 verus
801 2341 891 2394 irater
915 2340 1011 2394 minor
1034 2341 1121 2394 rebus
1139 2344 1169 2394 et
1187 2340 1275 2394 corde
1293 2340 1373 2409 apud
1394 2340 1513 2394 eosdem
1534 2341 1685 2410 sepultus,

231 2422 360 2504 'corpore
374 2435 455 2504 jacet
473 2437 505 2490 in
525 2436 602 2491 dicto
622 2436 788 2491 Linchonio
807 2438 844 2491 ab
864 2438 958 2507 ipsius
979 2438 1105 2492 eeclesia
1127 2442 1249 2492 sanctus
1271 2441 1424 2507 reputatus
1443 2438 1539 2507 ipsius
1558 2439 1687 2494 miracu·

240 2534 303 2587 losa
324 2533 418 2588 vita³

500 2983 544 3038 De
562 2982 651 3038 beotia
669 2983 814 3052 fratribus
833 2961 865 3037 in
887 2983 1001 3038 cuano·
1014 2982 1191 3039 Shnnrnrnn
1212 2984 1432 3054 quiescentibus.

837 3139 1015 3204 capitulum
1034 3139 1085 3191 36.

313 3287 349 3342 In
368 3290 423 3354 hac
442 3295 542 3346 autern
561 3291 673 3345 vicaria
691 3295 809 3361 propter
827 3292 1035 3353 obscuritatem
1054 3292 1206 3347 beatorum
1226 3295 1350 3347 fratrum
1368 3291 1587 3361 quiescentium
1616 3294 1687 3348 scri-

241 3389 355 3443 buntur
372 3390 476 3444 iratres
500 3391 532 3444 in
556 3391 612 3445 hoc
636 3390 788 3445 volumine
812 3395 909 3445 certae
931 3391 1142 3460 beatitudinis,
1156 3390 1295 3445 videlicet
1313 3390 1688 3469 beatusiratertobannes
1713 3403 1717 3409 ·

242 3480 364 3556 Porcus,
383 3491 496 3561 primus
514 3490 663 3559 generalis
682 3495 748 3560 post
765 3491 885 3545 beatum
898 3490 1101 3558 Franciscum,
1115 3491 1168 3560 qui
1181 3487 1282 3544 Soriae
1294 3489 1380 3560 regni
1393 3488 1541 3545 castellae
1553 3491 1688 3546 existens
1762 3511 1768 3526 ·

241 3591 274 3643 in
292 3590 423 3659 capitulo
441 3589 617 3658 provinciali
636 3589 919 3658 oratione-pluviam
939 3589 1048 3658 populo
1067 3589 1160 3643 nimia
1183 3588 1316 3643 siccitate
1338 3587 1504 3657 periclitato
1529 3603 1601 3643 cum
1624 3591 1689 3645 suis

242 3688 381 3743 iratribus
401 3688 570 3768 impetravit
588 3687 707 3743 abunde
720 3691 750 3742 et
762 3688 901 3743 Romanis
920 3687 1068 3756 praedixit
1086 3687 1312 3742 inundationem
1326 3686 1452 3754 Tiberis,
1466 3701 1545 3756 quae
1567 3688 1689 3743 abunde

242 3787 416 3844 successit.⁴

256 3930 260 3936 ¹
314 3944 388 3998 item
408 3944 445 3998 de
464 3945 519 3997 hac
537 3927 650 3996 vicaria
668 3942 788 3995 nativus
807 3941 865 3994 tuit
883 3941 987 3993 beatus
1006 3941 1096 3992 irater
1108 3937 1243 3992 Andreas
1262 3937 1424 3992 collocatus
1436 3935 1543 4006 Stupet
1555 3937 1689 3992 vicariae

243 4043 368 4111 Bosnae,
389 4047 423 4097 ut
441 4043 484 4097 ita
502 4041 641 4096 scribitur
660 4041 723 4094 loco
742 4055 805 4094 suo.

350 4326 377 4379 a)
392 4323 453 4367 Alia
468 4320 561 4366 marrus
576 4320 639 4366 talso
653 4317 752 4363 addidit
769 4318 936 4363 «minores».

235 4546 240 4556 ⁸
347 4567 355 4594 ¹
373 4563 509 4617 auctores,
527 4559 573 4622 qui
591 4558 623 4608 do
639 4570 671 4607 eo
688 4556 860 4619 scripserunt,
878 4553 941 4604 vide
958 4555 1040 4602 linat.
1058 4555 1169 4611 Fratre,
1188 4555 1206 4600 t.
1225 4564 1256 4602 ru
1273 4565 1317 4614 pg.
1335 4551 1391 4608 361,
1409 4551 1465 4600 not.
1482 4548 1505 4598 5.

285 4680 290 4689 .
346 4648 356 4674 Β
374 4645 481 4693 Praeter
498 4641 657 4690 Eccnesron
675 4637 693 4687 1.
712 4653 734 4688 c.
753 4637 786 4687 ci.
806 4638 906 4686 Cicron.
925 4648 989 4685 xxrv
1004 4648 1078 4696 pen,
1096 4647 1141 4697 pg.
1159 4633 1230 4682 aaut
1247 4635 1275 4682 et
1292 4633 1346 4682 Pis.
1365 4630 1383 4680 l.
1401 4645 1424 4680 c.

326 4721 330 4726 “
347 4727 357 4755 ³
373 4725 420 4774 Est
431 4720 622 4773 celeberrimus
633 4719 766 4770 liebertus
777 4718 951 4774 Grosseiestc,
964 4715 1106 4779 episcopus
1123 4711 1319 4763 Lincolnienaie
1330 4709 1474 4768 libb-1253,
1486 4709 1519 4761 de
1531 4713 1611 4774 cujus
1622 4711 1692 4761 ami·

243 4807 307 4856 citia
323 4819 386 4868 erge
406 4805 500 4853 tratres
516 4801 633 4858 minores
649 4800 767 4849 referunt
784 4799 944 4848 Eccrasron
961 4795 979 4844 l.
998 4809 1021 4845 c.
1039 4794 1149 4857 aliique.
1167 4819 1198 4830 -
1214 4793 1277 4857 Cap.
1295 4790 1326 4841 30
1343 4792 1426 4842 Oxon.
1440 4789 1473 4840 de
1485 4790 1624 4854 provincia
1637 4793 1693 4842 Da·

244 4889 301 4936 rice
317 4886 375 4948 egit
391 4884 495 4934 dicens:
516 4882 607 4930 aliurn
625 4891 751 4944 praesens
764 4891 830 4941 opus
847 4877 1016 4930 scriberetur,
1034 4874 1136 4925 nullius
1152 4873 1225 4924 beati
1250 4871 1340 4922 iratria
1364 4869 1527 4934 quiescentis
1549 4869 1578 4920 in
1594 4870 1691 4921 cadem

245 4965 381 5031 provincia
400 4977 503 5014 nomen·
513 4961 632 5012 clarebat
647 4959 769 5023 scriptori
781 4973 809 5017 »ς
827 4959 897 5007 Mon.
916 4957 1011 5006 habet:
1029 4957 1117 5006 «ltem
1135 4955 1162 5004 in
1179 4952 1317 5018 provincia
1334 4951 1431 5002 Daciae
1441 4949 1553 5002 civitate
1564 4953 1694 5002 Lunensi

245 5043 342 5107 [Lund]
360 5045 440 5093 irater
457 5045 632 5105 temporina,
649 5039 696 5102 qui
713 5037 807 5088 vivens
824 5036 910 5085 multa
927 5035 990 5086 tecit
1007 5033 1136 5084 miracula
1148 5051 1170 5082 a.

162 5117 168 5125 ’
273 5186 278 5197 ⁸
347 5124 413 5175 ⁴Ci.
433 5109 943 5188 chron.xrrvpeo.‚pg.2lll215;'
