3616 5678
704 374 705 381 ‘
727 395 965 456 nopnhnrx.
1253 479 1256 484 Ι
1516 372 1566 450 47

119 632 229 687 Jesum
248 631 323 686 duas
343 631 451 685 habere
469 633 601 693 naturas,
623 629 709 697 cujus
728 627 896 698 oppositum
921 631 1025 682 tenent
1042 625 1176 695 Armeni,
1198 625 1301 680 multis
1326 625 1363 679 ad
1385 625 1474 678 fidem
1500 639 1568 678 con-

118 729 227 798 versis,
247 729 326 783 sicut
343 733 373 783 et
391 728 455 798 ipse
478 742 640 782 conversus
665 727 762 781 iuerat
786 741 838 796 per
862 716 982 781 tratrem
1008 725 1195 781 Ludovicum
1215 725 1252 779 de
1271 721 1357 779 Soleo
1377 723 1566 790 Hastensem‚

120 829 220 882 tactus
239 828 329 882 irater
354 827 450 881 minor
475 824 633 880 ostendens
659 824 859 880 Mahometum
885 824 992 879 talsum
1014 839 1093 878 anno
1112 838 1184 878 suae
1206 823 1315 878 aetatis-
1337 821 1567 892 septuagesimo,

121 926 236 980 ordinis
256 940 325 979 vero
344 924 544 979 decimosexto
563 924 634 992 igno
653 924 825 978 combustus
846 923 1022 992 martyrium
1042 922 1149 976 finivit.

195 1050 269 1106 Item
294 1051 385 1105 irater
409 1048 550 1118 Georgius
568 1049 603 1102 de
628 1047 770 1103 Antibaro
796 1049 967 1118 provinciae
991 1046 1177 1115 sclavoniae,
1198 1047 1251 1116 qui
1270 1047 1359 1116 longo
1385 1050 1516 1115 tempore
1536 1046 1569 1099 in
1639 1065 1640 1069 ¹
1698 1027 1699 1031 ἵ

122 1163 208 1203 sacro
227 1148 384 1218 sepulchro
397 1162 476 1217 pane
488 1151 517 1202 et
530 1162 641 1216 aqua...
657 1151 774 1201 austere
787 1147 903 1215 vivens,
924 1150 1026 1216 postea
1037 1146 1116 1200 inter
1128 1145 1267 1199 Tartaros
1280 1144 1455 1214 praedicans
1467 1149 1569 1198 sancte

123 1247 277 1301 confessor
295 1250 340 1301 est
358 1245 481 1301 effectus
499 1245 669 1299 Trabesonte
688 1245 833 1314 sepultus.
853 1243 912 1298 Ubi
933 1260 1001 1298 cum
1020 1245 1169 1314 praelatus
1187 1244 1294 1298 beatus
1313 1243 1402 1297 irater
1420 1240 1570 1297 Antonius

123 1346 367 1415 archiepiscopus
386 1345 510 1400 Duracii
529 1349 607 1400 esset
626 1346 755 1414 quodem
774 1344 823 1400 die
842 1345 1049 1400 detunctorum
1068 1344 1173 1399 volens
1192 1358 1261 1398 cum
1280 1342 1343 1397 suis
1355 1342 1443 1396 sociis
1456 1342 1508 1395 illo
1522 1342 1570 1397 die

124 1448 160 1499 ut
173 1444 263 1499 moris
275 1448 321 1499 est
333 1459 422 1514 super
435 1442 632 1514 quorumdam
652 1444 880 1499 christianorum
895 1443 1053 1512 sepulchra
1065 1441 1301 1512 exequionaliter
1319 1441 1469 1510 accedere,
1484 1442 1570 1514 deve-

124 1542 214 1598 niens
233 1542 270 1596 ad
283 1542 349 1611 ejus
368 1543 559 1612 sepulchrum
579 1543 656 1597 dixit
675 1542 763 1596 sociis
775 1543 900 1596 verbum
919 1540 1083 1610 Augustini
1096 1542 1128 1595 in
1142 1541 1217 1595 libro
1230 1541 1267 1596 de
1279 1555 1351 1595 cura
1369 1555 1421 1610 pro
1434 1539 1568 1608 mortuis

103 1667 106 1670 >
124 1639 257 1695 scilicet:
272 1639 417 1708 Injuriam
436 1639 507 1694 iacit
519 1645 632 1708 sancte,
653 1640 705 1709 qui
718 1644 781 1694 orat
793 1656 845 1710 pro
858 1655 907 1708 eo;
923 1640 971 1694 hic
984 1644 1084 1694 autem
1100 1639 1181 1708 Jacet
1193 1628 1298 1694 beatus
1311 1639 1400 1693 trater
1413 1635 1568 1707 Georgius.

126 1736 184 1792 Cui
203 1737 266 1792 illi:
286 1737 362 1794 Nam
384 1739 495 1808 etipse
523 1742 657 1793 mortuus
683 1742 737 1793 est.
763 1738 849 1793 Tunc
867 1738 947 1808 ipse:
967 1738 1079 1805 Facite,
1099 1741 1134 1792 ut
1152 1737 1259 1807 placet.
1280 1735 1320 1791 At
1339 1737 1395 1806 ipsi
1415 1751 1470 1790 nec
1485 1737 1572 1804 poter

125 1839 225 1891 noster
243 1851 298 1891 nec
316 1836 400 1907 kyrie
422 1838 536 1907 eleyson
557 1852 614 1891 nec
638 1836 768 1905 alicujus
791 1837 914 1890 alterius
938 1829 1079 1891 orationis
1106 1835 1260 1904 recordati,
1281 1850 1358 1905 quae
1377 1849 1429 1904 pro
1448 1834 1574 1888 mortuis

125 1935 205 2014 solet
222 1935 292 2003 dici,
313 1935 402 2004 longo
421 1935 516 2004 spatio
534 1935 709 1990 seinvicem
722 1938 756 1989 ut
769 1935 844 1990 muti
863 1934 1075 2005 prospicientes
1094 1934 1132 1988 ad
1151 1934 1277 1988 aliorum
1291 1932 1449 2003 sepulchra
1461 1916 1572 1986 orando

126 2034 321 2102 transierunt,
334 2039 369 2088 ut
381 2033 459 2087 idem
478 2035 584 2088 beatus
603 2034 692 2088 frater
710 2032 859 2088 Antonius
877 2033 1008 2088 existens
1027 2033 1268 2102 archiepiscopus
1281 2031 1384 2086 multis
1398 2032 1453 2085 hoc
1467 2030 1572 2085 devote

127 2133 241 2188 retulit.
262 2131 308 2187 Ad
328 2132 447 2187 laudem
466 2132 533 2200 Dei,
554 2131 660 2187 Amen.

406 2471 450 2526 De
469 2471 558 2527 beatis
577 2471 723 2540 fratribus
741 2472 774 2526 in
793 2471 904 2526 vicano
924 2471 1052 2527 Bessan
1072 2471 1293 2542 quiescentibus

726 2625 903 2692 Capitulum
921 2627 972 2679 43.

201 2775 237 2831 In
256 2776 366 2846 Stnpno
378 2777 468 2832 trater
481 2776 616 2831 Andreas
635 2776 835 2832 Sardiniensis
848 2777 935 2832 annis
948 2793 987 2831 nx
1001 2777 1033 2831 in
1047 2774 1151 2832 ordine
1164 2778 1356 2847 probabiliter
1365 2779 1470 2834 vivens
1483 2778 1573 2834 etiam

128 2875 284 2930 miraculis
303 2874 419 2930 claruit.

114 3008 117 3016 '
202 2998 276 3053 Item
289 2998 322 3052 in
335 2998 438 3053 eadem
451 2998 564 3052 vicaria
576 2999 666 3053 irater
678 2998 830 3053 Johonnes
842 2999 878 3053 de
889 2999 1040 3069 Aroponin
1053 3000 1116 3054 zelo
1136 3000 1205 3054 fidei
1224 3005 1293 3055 ante
1311 3001 1468 3056 soldanum
1488 3001 1573 3054 Babi-

131 3096 231 3152 loniae
249 3112 281 3152 se
299 3097 408 3152 obtulit
426 3097 528 3166 ignem
553 3097 673 3161 intrare,
701 3097 808 3151 deinde
827 3097 930 3152 eodem
949 3098 1012 3152 zelo
1031 3099 1069 3153 ad
1088 3099 1216 3153 Bosnam
1236 3099 1477 3154 Manichaeorum
1496 3104 1574 3154 tran-

131 3197 214 3250 siens
235 3196 361 3266 patriam
384 3210 482 3249 coram
509 3210 610 3250 eorum
637 3195 764 3262 domino,
781 3196 858 3249 bano
880 3200 984 3251 vocato
1004 3194 1153 3266 Stephano
1172 3201 1201 3251 et
1219 3197 1284 3266 ejus
1303 3198 1453 3252 nobilibus
1473 3198 1575 3267 ignem

130 3293 243 3348 intrare
261 3293 429 3362 spopondit,
452 3293 484 3347 in
510 3293 612 3347 eadem
638 3293 794 3348 haereticis
820 3293 989 3364 prodigium
1009 3298 1038 3349 et
1057 3295 1197 3350 fratribus
1216 3295 1444 3351 tundamentum
1458 3299 1576 3350 austera

130 3392 195 3446 vita
213 3396 335 3446 sanctus
355 3394 505 3446 contessor
523 3395 568 3446 est
586 3389 732 3446 effeetus.¹

203 3515 321 3570 Bidinii
335 3515 478 3583 (Widdin)
492 3517 685 3586 generalante
698 3518 787 3572 tratre
802 3517 900 3572 Marco
914 3522 1059 3588 regnante
1072 3517 1202 3572 Basarad
1215 3519 1293 3588 passi
1311 3523 1382 3574 sunt
1400 3519 1504 3573 tratres
1523 3533 1576 3588 pro

132 3613 202 3682 fide,
216 3614 331 3669 scilicet
344 3615 490 3669 Antonius
509 3615 544 3669 de
562 3614 695 3669 Sanonin
713 3620 823 3683 custos,
844 3616 985 3670 Nicolous
1012 3617 1159 3685 Unporns
1189 3606 1346 3686 Greponns
1370 3617 1405 3670 de
1434 3616 1577 3685 Tropnn'o

132 3713 304 3782 provinciae
324 3711 527 3781 Sclavenicae,
552 3714 678 3767 Thomas
696 3714 731 3767 de
749 3713 893 3784 Fnlpt'neo
912 3714 1006 3769 laicus
1026 3719 1056 3769 et
1079 3714 1249 3769 Wndislons
1267 3713 1454 3768 Solanonions
1482 3713 1577 3768 laicus

133 3810 173 3865 de
185 3812 338 3880 Posoepo.²
405 3809 408 3814 ’

513 3941 1265 3951 ————————.
1418 3940 1576 3949 ——-——-

240 4027 304 4076 ¹Ci.
325 4029 424 4077 coron.
444 4041 507 4077 xxrv
522 4041 596 4090 pen„
614 4042 657 4091 pg.
676 4029 723 4077 529
739 4032 765 4079 et
783 4031 837 4079 Pis.
855 4029 873 4081 l.
891 4043 914 4078 c.
934 4030 964 4079 ir.
984 4043 1010 4079 ιι
1028 4045 1053 4094 p.
1072 4043 1100 4088 ιι,
1118 4029 1226 4079 Viceria
1252 4029 1356 4079 Bosnae
1372 4031 1395 4089 t«
1414 4029 1442 4077 ln
1466 4027 1516 4077 hoc
1539 4027 1577 4076 vi-

136 4108 211 4158 caria
228 4121 298 4156 unrrs
316 4109 395 4158 irater
413 4111 502 4158 noster·
519 4108 628 4158 intravit
644 4109 734 4172 ignem
752 4122 799 4174 pro
817 4109 870 4160 ilde
886 4113 913 4160 et
930 4110 1041 4160 illaesus
1053 4110 1208 4174 permansit,
1220 4113 1247 4160 et
1259 4110 1309 4158 hac
1321 4109 1353 4159 de
1372 4122 1453 4158 causa
1472 4108 1578 4170 aliquos

136 4189 271 4238 convertit
287 4189 410 4238 infideles
421 4193 453 4250 »t

241 4271 250 4298 ¹
268 4270 321 4318 Prs.
340 4269 371 4317 fr.
390 4282 439 4318 vrrr
456 4283 482 4333 p.
501 4282 529 4327 11,
548 4270 584 4319 De
601 4269 702 4319 vicarie
719 4271 821 4321 Boanae
838 4271 892 4320 elio
909 4271 1018 4321 nomina
1035 4271 1146 4322 indicat.
