3616 5678
726 420 963 508 aeranem.
1051 375 1056 384 ¹

277 928 279 932 »
300 931 302 936 ,
386 851 434 944 De
449 889 538 943 beatis
556 886 702 958 frutribus
720 887 755 943 in
772 887 884 942 nuncin
904 885 1061 974 (lonsicin
1081 885 1302 957 quiescentibus.
1378 875 1381 882 '

718 1014 896 1086 Capitulum
916 1016 968 1068 37.

194 1141 229 1196 In
247 1143 350 1198 eadem
362 1143 481 1209 ¹vicaria
499 1145 604 1198 beatus
622 1144 712 1198 irater
727 1141 898 1207 Sanctinns,
913 1141 965 1221 qui
979 1155 1106 1212 magnus
1125 1140 1226 1195 doctor
1245 1139 1346 1210 legum
1365 1120 1498 1214 existens
1512 1138 1566 1194 Bo·
1655 1128 1658 1133 ⁴

120 1241 231 1295 neniae
259 1256 367 1311 magne
394 1226 551 1300 salariatus
578 1240 784 1295 scholasticam
804 1255 940 1310 pompam
960 1243 990 1293 et
1009 1237 1194 1293 mundanum
1216 1238 1365 1293 salarium
1393 1238 1566 1307 relinquens

120 1339 214 1393 trater
225 1339 321 1394 minor
333 1340 430 1394 iactus
448 1340 480 1392 in
499 1338 650 1408 praedicta
661 1338 773 1392 vicaria
792 1337 882 1406 longo
901 1341 1032 1406 tempore
1050 1336 1111 1391 alta
1129 1340 1303 1406 paupertate
1322 1340 1352 1391 et
1370 1338 1452 1390 areta
1470 1340 1566 1390 auste-

120 1437 210 1492 ritate
228 1441 257 1492 et
276 1442 412 1507 prompta
431 1437 601 1492 obedientia
619 1437 725 1491 vivens
745 1436 839 1504 signis
859 1435 1035 1490 comscavit.
1081 1421 1091 1441 ⁶

400 1749 443 1804 De
462 1729 550 1804 beatis
569 1748 715 1817 fratribus
733 1748 766 1803 in
785 1747 896 1803 bucria
915 1733 1040 1804 Temen
1060 1747 1282 1826 quiescentibus,

721 1875 900 1941 capitulum
920 1876 971 1928 38.

186 2001 312 2056 'Vinaria
331 2003 403 2056 haec
422 1988 518 2056 estin
537 2000 696 2066 Marcelle,
717 2001 749 2055 in
768 2016 828 2070 qua
846 1984 903 2056 fnit
923 2001 1130 2070 martyrizatus
1148 2002 1253 2056 beatus
1278 2001 1368 2055 irater
1380 2000 1498 2054 Electus
1516 2014 1565 2070 ge-

121 2101 278 2159 neralante
287 2102 375 2156 beato
387 2100 556 2168 Francisc0‚
571 2100 623 2168 qui
636 2099 866 2169 adeoparvulns
885 2100 1018 2154 ordinem
1037 2101 1191 2169 ingressus
1203 2103 1257 2166 est,
1271 2102 1306 2153 nt
1314 2099 1431 2166 jejunia
1444 2099 1566 2167 regulae

63 2255 68 2264 ,
121 2199 187 2252 vix·
197 2200 292 2268 terret,
313 2199 390 2253 sicut
408 2198 533 2252 habetur
551 2202 634 2266 parte
653 2203 685 2252 ii*
703 2196 820 2265 Speculi
834 2195 1022 2267 perfectiouis
1041 2198 1172 2267 capitulo
1191 2197 1246 2252 2⁰st

356 2510 400 2564 De
418 2510 507 2564 beatis
525 2509 669 2578 fratribus
688 2511 721 2565 in
740 2511 850 2566 nicorio
871 2511 1089 2574 Orrnnenrmcn
1108 2511 1328 2581 quiescentibus.
1360 2512 1364 2517 ’

722 2637 901 2703 Capitulum
920 2639 971 2690 39.
1028 2664 1031 2669 -

181 2759 395 2818 ·Generalante
414 2767 513 2818 autem
532 2764 622 2818 tratre
640 2762 810 2817 Alexandro
829 2763 862 2816 in
881 2763 984 2818 eadem
1003 2764 1115 2818 vicaria
1134 2764 1214 2833 passi
1233 2769 1303 2820 sunt
1322 2767 1426 2820 iratres
1445 2781 1497 2835 pro
1510 2765 1568 2819 fide

124 2854 268 2916 videlicet
285 2860 433 2916 Antonius
452 2861 489 2916 de
507 2861 684 2927 Medionem,
699 2862 862 2916 Monaldus
880 2866 911 2925 et
928 2862 1107 2917 Franciscus
1120 2859 1163 2916 'de
1183 2863 1319 2917 Maronia
1332 2862 1518 2917 Anconilona
1537 2864 1569 2917 in

124 2959 263 3029 Aqeenqn
283 2959 435 3016 Tartariae
448 2976 501 3029 per
513 2958 675 3015 Saracenos
688 2962 850 3016 frustratim
863 2963 951 3017 incisi
963 2966 993 3018 et
1007 2961 1088 3015 mille
1101 2961 1276 3016 vulneribus
1290 2963 1427 3031 confossi,
1443 2977 1569 3031 quorum

122 3056 275 3113 Antonius
293 3059 413 3113 videtur
431 3059 593 3147 translatas
614 3058 846 3114 Mediolanum.⁹

383 3370 427 3425 De
445 3370 535 3425 beatis
553 3370 698 3439 fratribus
716 3372 750 3426 in
769 3371 880 3427 nicosie
899 3387 1073 3430 onmnnnar
1092 3374 1311 3444 quiescentibus.

724 3481 907 3565 capitulum
924 3501 975 3552 40.

200 3619 235 3675 In
252 3622 357 3676 Thena
369 3622 562 3692 generalante
575 3623 664 3678 tratre
677 3622 823 3678 Michaele
835 3624 914 3694 passi
935 3628 1006 3679 sunt
1024 3626 1128 3680 tratres
1141 3641 1193 3695 pro
1207 3626 1274 3694 fide,
1288 3626 1428 3681 videlicet
1445 3626 1571 3683 Thomas

126 3721 164 3801 de
186 3720 335 3774 Tolentino
354 3720 513 3786 Moechiae,
534 3721 660 3775 lacobus
679 3721 713 3775 ele
732 3722 850 3787 Pedue,
871 3724 977 3776 Petrus
990 3724 1030 3801 ‘de
1048 3722 1131 3777 Senis
1144 3728 1174 3778 et
1186 3723 1352 3794 Demetrius
1364 3725 1399 3778 de
1416 3724 1569 3793 Tbefilite'o‚

127 3835 255 3888 quorum
274 3820 388 3888 primus
406 3819 507 3889 gladio
533 3820 672 3874 immerso
697 3824 819 3889 gutture
838 3820 987 3892 [occisus],
1009 3822 1158 3876 secundus
1183 3823 1277 3892 primo
1300 3839 1369 3877 cum
1394 3823 1507 3892 habitu,
1528 3839 1571 3878 se·

127 3918 227 3972 eundo
246 3919 311 3972 sine
331 3918 434 3972 habitu
446 3918 630 3988 pinguedine
649 3924 758 3973 unctus
778 3920 809 3972 in
828 3920 899 3989 igne
917 3921 1040 3989 positus,
1056 3921 1159 3975 eodem
1177 3921 1248 3991 igne
1264 3922 1409 3976 divinitus
1428 3923 1571 3990 extincto,

128 4016 201 4084 quia
219 4016 306 4070 multi
326 4031 363 4069 ex
383 4017 437 4070 hoc
457 4017 715 4085 convertebantur,
731 4032 792 4072 uno
804 4017 867 4071 ietu
880 4016 1074 4088 decapitatus
1089 4019 1194 4074 tertius
1214 4034 1282 4074 oum
1301 4019 1343 4074 eis
1363 4034 1423 4073 non
1442 4019 1573 4074 existens

128 4119 202 4169 tunc
222 4115 318 4168 resin
338 4115 464 4183 hospitio
494 4115 697 4184 custodiendo,
718 4119 820 4184 postea
837 4120 952 4187 captus,
974 4116 1090 4179 duobus
1103 4117 1214 4191 ‘diebus
1232 4132 1347 4187 eaesae,
1368 4118 1484 4172 duobus
1503 4133 1573 4172 vero

128 4211 197 4266 aliis
216 4227 271 4266 sua
290 4212 399 4266 chorda
418 4213 449 4266 in
469 4213 602 4282 patibulo
629 4228 792 4282 suspensus
811 4228 864 4284 per
881 4215 984 4283 gulam
1004 4192 1177 4284 praedicans
1197 4215 1302 4285 quinto
1321 4216 1369 4270 die
1388 4216 1573 4285 decapitatus

127 4315 184 4378 est,
204 4313 234 4364 et
252 4315 376 4379 quartus
396 4311 492 4380 eapite
512 4315 667 4367 truncatus
686 4316 787 4380 postea
806 4313 992 4368 membratim
1011 4312 1125 4369 divisus
1144 4315 1217 4368 est.³

235 4541 298 4591 ²Ci.
318 4556 398 4605 supra
416 4556 460 4606 pg.
479 4542 518 4591 40.
563 4533 567 4542 ⁸

236 4623 245 4651 ²
260 4621 298 4671 Ci.
318 4637 397 4686 supra
415 4637 459 4692 pg.
477 4624 515 4673 41.
534 4624 663 4676 Auctores
681 4638 734 4676 non
746 4625 911 4676 conveniunt
921 4626 953 4676 de
967 4629 1084 4691 tempore
1096 4626 1233 4690 martyrii:
1246 4628 1279 4678 ct.
1294 4630 1375 4677 Auel.
1389 4629 1501 4688 Franc„
1514 4631 1531 4677 t.
1545 4640 1574 4678 111

99 4743 103 4749 .
129 4717 176 4767 pg.
198 4703 254 4762 412,
273 4708 328 4754 not.
346 4704 370 4753 3.
388 4731 419 4741 -
436 4705 505 4754 Mon.
524 4706 649 4769 congruit
666 4707 750 4757 Onon.
768 4707 873 4757 dicens:
892 4708 981 4757 «Item
998 4720 1068 4757 anno
1085 4707 1190 4757 Domini
1207 4708 1356 4758 MCCCXIV
1374 4712 1492 4773 tempore
1512 4724 1575 4773 qua·

128 4783 298 4847 dragesimae
315 4785 387 4848 apud
404 4786 549 4848 quamdam
573 4790 672 4836 terram
697 4787 806 4850 majoris
831 4787 983 4847 Armeniae,
1008 4801 1077 4850 quae
1098 4791 1223 4851 Arscnqo
1240 4793 1359 4848 vocatur,
1378 4793 1431 4840 tres
1449 4791 1575 4841 iratresa

89 4858 94 4866 '
128 4864 272 4915 Saracenis
288 4870 352 4915 eunt
369 4866 545 4930 martyrizati.
571 4866 618 4918 sol.
646 4868 676 4917 ir.
702 4869 837 4919 Antonius
862 4868 895 4918 de
919 4867 1078 4928 Mediolano,
1104 4869 1135 4918 ir.
1160 4869 1319 4921 Franciseus
1343 4869 1375 4920 de
1399 4870 1516 4921 Petriolo
1541 4871 1573 4922 de

127 4945 288 5008 episcopatu
304 4946 430 4996 Firmano
446 4950 472 4997 et
489 4947 520 4996 fr.
538 4947 680 4998 Monaldus
696 4948 729 4999 de
746 4949 880 5000 Ancona»
899 4948 940 5008 (ir.
966 4948 1117 5000 Alexander
1141 4948 1174 5000 de
1200 4950 1362 5024 Alenandria
1386 4951 1477 5002 extitit
1496 4965 1575 5015 gene·

58 5059 60 5076 ,
127 5024 197 5075 ralis
215 5025 367 5088 1313-1314).

236 5107 246 5134 ³
262 5107 332 5158 Idem
350 5108 403 5158 sere
421 5109 474 5159 Pis.
493 5108 511 5158 l.
529 5104 551 5158 c'.
570 5134 601 5146 -
617 5108 656 5160 Ci.
675 5123 756 5174 supra
773 5124 817 5174 pg.
836 5111 875 5161 41.
