3616 5678
656 447 658 450 ·
698 421 995 475 rmrlronucffrro
1533 429 1578 478 xl

134 534 610 547 ——n———l—*m

131 613 321 684 *coralium
346 613 395 684 ad
424 611 638 683 memorias
658 610 838 701 recurrit,
860 631 958 704 quas
977 610 1020 681 in
1041 611 1223 703 pluribus
1251 611 1467 704 provinciis
1487 613 1579 684 scri-

131 759 298 849 pserunt
326 757 366 827 et
399 755 624 827 retulerunt
643 755 803 859 fratres3
834 776 908 825 nec
936 754 1082 826 desunt
1109 755 1152 824 in
1181 754 1348 826 diversis
1377 756 1579 828 codicibus

130 898 703 992 manuscriptis>narrationes,
730 919 831 991 quae
860 898 910 968 ad
938 919 1022 968 rem
1052 897 1187 991 aliquo
1216 899 1335 979 modo
1364 899 1493 971 facere
1522 900 1578 970 vi-

130 1042 318 1140 dentur.¹
959 1010 961 1014 l
1105 1134 1109 1146 ·

225 1178 328 1279 ‘Quo
348 1186 435 1259 loco
455 1187 576 1259 etiam
597 1187 718 1281 juvat
746 1185 942 1279 inspicere
962 1185 1219 1257 notissimum
1243 1185 1489 1258 ,l’rooinctule
1520 1191 1593 1258 or-'
1634 1222 1636 1225 ·

130 1331 231 1402 carru
249 1329 430 1426 flatrum
459 1330 657 1420 rutilorum,
679 1331 784 1423 quod
813 1328 856 1400 in
885 1329 970 1400 cod.
991 1328 1088 1404 Vat.
1111 1328 1215 1400 1960
1244 1329 1446 1401 Historiae
1473 1338 1576 1429 oratu·
1679 1399 1684 1410 ,

131 1474 233 1546 ricae
261 1475 310 1544 fr.
340 1440 502 1545 Paulini
529 1473 736 1545 Puteolani
755 1463 967 1566 praecedit,
994 1472 1179 1566 quodque
1207 1472 1257 1543 ab
1285 1473 1424 1544 eodem
1453 1473 1583 1544 fratre·

128 1617 232 1688 circa
261 1615 364 1688 1343
395 1618 661 1711 compositum
683 1639 773 1688 csse·
795 1618 973 1709 putatur.
997 1614 1008 1651 ²
1031 1612 1189 1687 Auctor
1218 1615 1396 1709 singulos
1425 1615 1576 1686 ordinis

127 1762 348 1832 conventus
359 1730 577 1831 secundum
590 1759 817 1862 provincias
829 1774 1069 1830 enumerans
1079 1758 1228 1851 pluries
1239 1758 1394 1830 addidit
1410 1758 1576 1829 nomina
1660 1739 1663 1746 ’

127 1904 311 1994 fratrum,
342 1904 411 1997 qui
441 1905 482 1973 in
522 1904 604 1995 illis
633 1904 846 1975 sanctitate
883 1905 924 1974 et
953 1877 1172 1973 miraculis
1194 1902 1428 1992 floruerunt,
1459 1925 1574 1996 saepe

127 2047 266 2118 iisdem
299 2047 430 2119 verbis
473 2069 579 2136 usus,
610 2069 712 2141 quae
746 2047 949 2141 catalogus
988 2051 1121 2117 noster
1150 2023 1283 2136 habet,
1316 2043 1327 2081 ²
1357 2046 1574 2140 aliquando

125 2191 329 2263 vernalia
365 2193 488 2281 verba
515 2191 718 2281 adhibuit3
754 2191 874 2262 multi
910 2192 1054 2262 fratres
1096 2213 1120 2260 a
1157 2190 1337 2285 catalogo
1374 2165 1598 2293 nominati*

125 2335 282 2424 desunt,
311 2334 408 2405 dum
448 2333 517 2404 alii
559 2334 834 2423 nominantur,
870 2353 968 2426 quos
1006 2332 1209 2427 catalogus
1247 2333 1528 2426 praetermisit,
1561 2334 1571 2369 ⁴

126 2477 231 2547 unde
250 2477 567 2548 'deducere-licet
586 2481 805 2570 utrumqne
826 2479 1030 2578 auctorem
1060 2475 1273 2568 quemdam
1295 2476 1449 2546 fontem
1480 2498 1573 2546 cora-

126 2641 275 2690 uumem
292 2623 461 2712 praeter
489 2619 588 2690 alios
617 2619 807 2711 speciales
836 2640 930 2711 prae
959 2616 1146 2688 manibus
1175 2617 1371 2688 habuisse.

77 2864 82 2873 ι
233 2761 458 2854 2.·Quibus
487 2765 535 2835 de
555 2763 725 2858 catalogi
750 2760 927 2858 foedatur
947 2762 1064 2833 dictis
1093 2761 1289 2832 nonnulla
1317 2763 1365 2833 de
1395 2763 1481 2856 ejus
1501 2764 1573 2833 art
1644 2832 1646 2834 ,

124 2907 233 2977 litote
248 2906 391 2977 addere
407 2874 577 2999 expedit.
599 2904 764 2978 Multae·
777 2905 959 2998 notitiae,
974 2927 1071 2999 quas
1087 2908 1227 2977 auctor
1244 2905 1424 2994 inseruit,
1445 2905 1573 2977 fusius

123 3050 229 3142 apud
259 3049 357 3120 alios
386 3050 538 3143 priores
576 3050 766 3143 leguntur
794 3049 968 3142 ipsisque
998 3048 1147 3141 optime
1176 3047 1443 3146 clonveniunt3
1473 3048 1573 3121 alias

122 3200 218 3265 uero
246 3194 397 3266 frustra
426 3195 532 3288 apud
561 3170 653 3266 illos
682 3195 872 3288 requires,
893 3194 935 3265 in
957 3216 1035 3287 quo
1055 3193 1182 3267 libelli
1203 3193 1357 3265 utilitas
1376 3193 1570 3264 ‘consistit

122 3335 350 3408 Multorum
380 3336 553 3408 fratrum
587 3336 782 3424 memoria
810 3336 887 3429 ipsi
906 3335 989 3407 ,soli
1018 3336 1206 3418 debetur3
1236 3337 1418 3414 auctores
1437 3319 1570 3407 subse-

122 3480 293 3571 quentes
326 3479 375 3550 de
413 3478 494 3549 illis
528 3478 631 3549 nihil
665 3478 775 3549 aliud
809 3478 957 3549 referre
989 3480 1217 3570 potueruut,
1253 3499 1373 3570 quarn
1408 3499 1459 3570 ea,
1486 3476 1572 3570 ipsa

122 3621 257 3711 verba,
279 3644 380 3715 quae
410 3621 616 3716 catalogus
645 3621 771 3693 offert.

234 3763 346 3874 Inter
375 3739 680 3858 compilationes
714 3764 861 3836 saeculi
890 3783 979 3853 xm,
1010 3786 1111 3857 quae
1140 3763 1255 3835 illurn
1286 3763 1569 3852 adhibuerunt,

122 3907 254 4011 primo
282 3907 369 3979 loco
397 3908 656 3992 nominamus
689 3899 880 3980 Odr'oaico
897 3906 1025 3988 ,XXI
1029 3905 1068 3981 V
1098 3907 1363 4000 pancratium
1391 3907 1484 3978 data
1511 3928 1570 3977 oc-

122 4051 281 4122 casione
309 4053 449 4122 auctor
477 4053 608 4122 totum
638 4052 722 4122 fere
750 4051 976 4144 catalogum
1006 4049 1297 4136 diversis-locis
1325 4044 1438 4130 nullo
1471 4052 1569 4120 tem-

121 4194 229 4288 poris
245 4199 427 4287 respectu
447 4191 586 4266 lr'abito
606 4194 789 4285 inseruit,
811 4216 890 4295 quo
909 4195 1042 4287 plures
1062 4194 1272 4287 scriptores
1297 4195 1505 4287 sequentes
1525 4192 1568 4263 in
1676 4176 1680 4185 ⁴

121 4359 275 4409 errores
303 4337 604 4432 chronologicos
632 4337 809 4409 deduxit.
1023 4311 1028 4319 ⁵
1424 4315 1426 4318 ,

230 4479 476 4552 Notissimus
504 4481 650 4553 deinde
679 4485 739 4553 est
759 4476 976 4575 catalogus,
998 4464 1116 4574 quem
1137 4479 1307 4552 Pinarum
1331 4481 1374 4551 in
1390 4485 1505 4574 parte
1533 4491 1569 4552 ΙΙ

193 4762 266 4818 ²01.
288 4765 377 4819 Aeol.
396 4766 515 4830 blane,
538 4769 558 4819 t.
581 4782 592 4818 1
611 4781 661 4835 pg.
683 4765 736 4818 413
755 4780 819 4834 sqq.

193 4853 323 4908 ²·Edidit
341 4855 375 4906 fr.
399 4852 551 4908 Conradus
570 4854 665 4909 Eubel
685 4869 711 4908 ο.
734 4855 805 4908 min.
826 4870 913 4908 conv.
937 4853 994 4921 (Ad
1014 4848 1115 4908 Clara's
1134 4853 1236 4923 Aquas
1256 4853 1346 4920 1892).

193 4946 203 4973 ³
222 4942 374 4997 Nonnulla
394 4944 512 5019 majoris
533 4945 674 4998 momenti
693 4944 771 4997 intra
789 4945 821 4996 in
840 4945 904 5012 ipso
923 4944 998 4997 libro
1017 4943 1224 4997 indicavimus.

175 5033 202 5094 ,⁴
224 5029 266 5086 Of.
288 5033 460 5101 praesertim
473 5048 518 5099 ea,
532 5048 609 5101 quae
623 5033 805 5103 Promqrciale
818 5034 854 5088 de
873 5033 1034 5101 provinciis
1053 5032 1157 5102 Italiae
1177 5033 1378 5088 meridionalis
1398 5036 1494 5087 refert.
