3616 5678
237 445 260 512 t
630 462 676 512 ur
709 460 945 513 [mortuom
978 462 1014 511 n.
1044 459 1286 514 'lutnn'etset
1406 443 1409 447 “

119 709 142 749 1⁷
158 717 185 749 u
322 667 489 764 ⁴Frater
519 687 743 770 Massueus
771 687 1028 786 lilarignani
1046 687 1071 738 “l
1093 693 1140 763 (le
1163 691 1321 763 derisio.
1343 693 1360 762 l
1369 696 1426 764 ste
1455 694 1530 764 ivit
1559 695 1680 766 simul

98 821 100 825 ’
238 844 327 892 cunr
358 821 474 891 beato
503 819 717 890 Francisco
746 818 960 890 Perusiunr
977 813 1000 863 0)
1030 842 1101 912 pro
1121 819 1374 913 indulgentia
1393 819 1680 894 Portiunoulae

236 969 259 1015 a
287 931 393 1039 papa
419 944 605 1017 Honorio
632 944 881 1037 postulanda.
1026 932 1029 936 ⁵

230 1178 236 1186 ,
345 1119 456 1170 VITA.
476 1119 537 1171 rizo.
559 1117 693 1171 «Pastor
720 1117 925 1172 sanctissimus
953 1119 1058 1172 beatus
1077 1119 1165 1172 Pater
1187 1123 1287 1172 noster
1306 1118 1482 1173 Franciscus
1508 1137 1524 1171 ›>
1552 1151 1588 1158 -
1612 1119 1679 1174 Dos.

237 1217 323 1271 afuit
341 1215 448 1271 Assisii
467 1216 498 1269 in
518 1206 784 1270 sanctl'Francisci
802 1216 927 1269 basilica
947 1216 1150 1270 tumulatus».
1169 1215 1275 1271 Obrou.
1299 1231 1373 1270 xxiv
1390 1232 1468 1285 peu„
1486 1232 1534 1285 pg.
1554 1217 1679 1270 rra-121.

344 1316 446 1367 Testis
465 1315 679 1380 indulgentiae
699 1316 794 1367 Port:
815 1314 978 1367 Bnnruoni
1000 1314 1027 1381 6,
1042 1312 1068 1382 7,
1082 1314 1109 1382 8,
1126 1315 1168 1381 12,
1184 1314 1218 1368 15
1232 1313 1374 1381 (introdb

343 1415 505 1466 Laudatur
523 1429 542 1465 a
560 1414 588 1464 S.
608 1414 725 1464 Franci
744 1411 824 1480 Sper.
846 1412 911 1465 Sota
934 1413 978 1465 ὃὸ.
1499 1485 1500 1488 ¹

345 1512 504 1576 Interfuit,
523 1512 645 1574 quando
664 1513 692 1562 S.
706 1512 755 1562 Fr.
768 1512 960 1576 praedicavit
973 1513 1098 1564 avibus:
1112 1511 1211 1567 Parin.
1227 1511 1303 1566 Prr.
1320 1512 1339 1564 1.
1356 1527 1381 1566 c.
1398 1528 1450 1580 pg.,
1463 1511 1519 1579 5831
1533 1513 1623 1564 *lctus
1640 1513 1681 1565 rt.

343 1610 453 1662 Refert
472 1610 509 1661 de
528 1611 596 1661 vita
615 1611 642 1660 S.
662 1610 833 1662 Francieci:
856 1609 986 1677 Epistola
1007 1625 1042 1662 nr
1061 1609 1122 1663 Soc.

343 1709 446 1760 Multa
464 1708 526 1759 alia
545 1708 582 1759 de
601 1709 681 1772 ipso:
703 1707 791 1760 Actus
811 1708 890 1774 (vide
910 1708 967 1761 tab.
990 1708 1131 1776 alphab).

344 1806 390 1858 De
408 1806 548 1871 reliquiis
567 1805 680 1870 ipsius:
700 1807 737 1858 ct.
759 1805 924 1860 Bnnrnonr
944 1820 993 1874 pg.
1016 1822 1098 1860 cxix.

1009 1904 1194 1973 (Compitotio
1212 1906 1295 1973 opud
1315 1905 1462 1959 Pisonum
1482 1906 1501 1959 l.
1517 1923 1543 1959 c.
1556 1913 1576 1972 ²¹)

346 2116 489 2186 Frater
516 2109 705 2193 Rufillus
734 2109 889 2213 stibii,
918 2115 1237 2209 consanguineus
1257 2119 1416 2216 sanctae
1437 2115 1593 2206 Clarae,
1615 2118 1684 2210 qui

240 2245 375 2312 tantae
403 2241 483 2312 tuit
511 2241 747 2330 sanctitatis,
778 2242 882 2333 quod
912 2241 960 2311 de
989 2263 1035 2311 eo
1064 2243 1223 2316 sanctus
1251 2241 1488 2312 Franciscus
1512 2242 1684 2331 dicebat,

240 2365 347 2458 quod
375 2365 490 2435 vivus
518 2363 561 2434 in
590 2387 708 2435 carne
730 2364 819 2458 jain
849 2368 950 2435 esset
978 2364 1236 2436 canonizatus
1264 2364 1307 2436 in
1336 2365 1456 2436 coelo.

347 2531 458 2591 v1r'A.
478 2540 539 2592 luc.
561 2537 680 2600 «Quasi
699 2553 785 2592 arcus
806 2538 956 2607 refulgens
970 2538 1048 2592 inter
1060 2537 1180 2592 divinae
1199 2539 1456 2607 contemplationis
1475 2539 1632 2592 nebulas»
1654 2570 1686 2578 -

240 2637 308 2690 Des.
331 2634 473 2705 «Corpus
491 2651 561 2690 vero
580 2637 637 2690 tuit
656 2637 687 2688 in
706 2636 802 2690 sancti
821 2636 1107 2690 Franciscibasilica
1121 2631 1227 2689 Assisii
1241 2637 1460 2690 tumulatum».
1486 2635 1594 2690 Ceron.
1613 2653 1687 2690 xxrr

238 2724 316 2804 peri„
332 2751 381 2804 pg.
397 2734 494 2802 rii-543
515 2735 593 2789 idem
613 2735 716 2804 paucis
745 2735 865 2789 mutatis
885 2735 991 2788 etalio
1017 2734 1119 2788 ordine
1132 2735 1221 2788 Actus
1240 2734 1338 2802 31-353
1359 2735 1418 2787 alia
1437 2735 1530 2788 torma
1543 2735 1625 2803 apud
1640 2735 1688 2788 Pr·

242 2848 346 2888 snuuu
368 2833 387 2886 1.
409 2849 434 2886 c.
997 2822 1001 2825 ’

348 2933 419 2984 Sine
438 2933 666 2984 intermissione
685 2934 806 2993 orabat:
825 2931 905 2999 Spee.
927 2931 993 2984 Sub.
1014 2931 1058 2984 85.

349 3031 451 3082 Testis
469 3031 682 3095 indulgentiae
701 3031 794 3083 Port.:
814 3030 979 3083 Burruonr
998 3030 1015 3082 8
1035 3029 1176 3096 (introdt

349 3129 464 3194 Tangit
483 3129 596 3181 vulnus
615 3129 744 3181 laterale
763 3126 925 3180 SfFrancr
946 3144 956 3181 1
978 3127 1052 3181 Cen.
1074 3128 1108 3180 95
1129 3129 1176 3193 (ct.
1198 3120 1393 3195 Eeennsrou,
1415 3129 1477 3181 eolt.
1500 3128 1555 3194 13).

350 3228 462 3297 Scribit
481 3228 518 3278 de
537 3228 565 3278 S.
585 3228 761 3279 Francisco:
783 3226 915 3295 Epistola
934 3242 970 3280 111
990 3226 1050 3280 Soc.
1302 3226 1306 3232 '

349 3410 492 3480 Frater
512 3404 654 3490 (luido
675 3412 722 3482 de
743 3410 852 3484 Sotiis
872 3411 1008 3501 laicus,
1039 3412 1106 3505 qui
1135 3412 1327 3482 fratribus
1355 3410 1553 3511 praedixit
1573 3429 1687 3482 suani

244 3540 414 3606 mortem
458 3538 673 3628 apparente
706 3535 778 3605 sibi
823 3535 1061 3606 mirabiliter
1102 3536 1226 3605 fratre
1255 3533 1388 3606 Leone
1431 3533 1536 3606 socio
1580 3535 1703 3627 beati·

244 3658 447 3730 Francisci
476 3661 776 3751 postmortem.
819 3709 820 3712 ,

351 3817 485 3882 Magnae
495 3816 556 3867 tuit
566 3816 773 3868 obedientiae:
784 3812 935 3869 Aursnus
946 3814 1120 3881 Parumne,
1133 3813 1176 3867 De
1188 3815 1315 3881 planctu
1325 3803 1464 3878 aetesiae,
1478 3813 1497 3865 1.
1511 3828 1535 3866 11
1549 3829 1616 3883 cap.
1631 3815 1690 3869 6931

347 4048 377 4094 o)
394 4040 426 4087 Is,
447 4040 508 4088 «De
526 4039 682 4101 Mai-ignauo
695 4057 717 4086 ».

343 4123 375 4176 b)
392 4120 425 4168 ls.
445 4139 457 4163 «
470 4120 518 4168 luit
535 4120 637 4169 Perusit
649 4136 672 4168 r.

351 4317 360 4344 ²
380 4311 413 4364 L.
435 4327 460 4364 c.
481 4311 513 4364 in
534 4310 616 4363 Mire.
640 4311 746 4364 Franc.
768 4325 820 4379 pro
840 4315 898 4365 «et
917 4312 1006 4364 trater
1026 4309 1144 4364 Maseus
1157 4309 1289 4379 sequitur
1302 4328 1318 4361 ›>
1338 4309 1499 4378 legendum
1514 4314 1574 4364 «et
1593 4312 1686 4366 trater

246 4402 364 4455 Maseus
382 4400 557 4454 similiter».
617 4416 618 4419 ¹
1454 4403 1457 4410 ·

352 4496 361 4523 2
381 4488 424 4544 Ct.
444 4489 524 4544 Auo.
547 4488 643 4543 Cina.
666 4491 755 4543 verba
774 4491 863 4544 citata
882 4506 971 4558 supra
990 4506 1041 4559 pg.
1062 4490 1079 4543 5
1097 4494 1158 4543 not.
1180 4492 1205 4542 3.
1220 4520 1262 4545 ‚—
1281 4489 1326 4543 De
1345 4489 1471 4558 epistola
1496 4490 1531 4543 tr.
1555 4489 1691 4545 Messaeo

247 4582 395 4650 adscripta
415 4585 441 4647 (<‹
454 4580 550 4634 Addio
570 4580 599 4633 di
619 4578 648 4634 S.
670 4564 834 4634 Francesco
853 4580 913 4633 alla
931 4580 1029 4633 Vorna
1043 4583 1070 4644 r)
1090 4581 1127 4633 ct.
1149 4580 1227 4633 inter
1246 4580 1320 4633 alios
1340 4576 1514 4646 Snnnrrnu,
1529 4579 1691 4648 Speculum

247 4687 296 4741 pg.
318 4671 370 4725 302
388 4686 461 4739 seq.,
482 4671 515 4724 P.
538 4667 721 4747 Suruumuo
742 4684 784 4722 on
799 4669 945 4723 Cnrrrasn
959 4669 990 4722 in
1008 4669 1108 4722 (teddo
1127 4668 1278 4722 illustrato
1290 4668 1368 4721 della
1387 4669 1481 4721 Verria
1493 4668 1596 4734 (Prato
1609 4670 1690 4735 1902)

248 4777 296 4830 pg.
312 4762 374 4828 336,
391 4760 474 4814 Misc.
492 4762 598 4813 Frobe.
615 4775 670 4812 rui
687 4776 735 4828 pg.
752 4759 785 4812 75
798 4775 833 4812 ac
846 4759 917 4812 alibi
931 4764 960 4813 et
975 4759 1133 4813 Mixoeeur
1148 4759 1178 4810 in
1191 4757 1280 4811 Stricti
1294 4757 1419 4826 retiyiosi
1432 4761 1452 4812 t.
1469 4773 1478 4810 i
1493 4773 1543 4828 pg.
1560 4759 1613 4812 251
1628 4776 1689 4830 seq.

354 4849 444 4904 ³Fol.
467 4850 553 4903 1860:
569 4849 723 4902 «Dicebat
742 4849 863 4916 quidam
883 4852 1004 4902 sanctus
1028 4849 1118 4901 trater
1146 4848 1242 4900 minor
1270 4847 1364 4900 laicus
1392 4847 1692 4908 florentinusGuido

248 4941 378 5008 nomine,
399 4939 521 5008 quodsi
541 4938 668 5007 angelus
696 4937 733 4990 de
761 4938 842 4991 coelo
871 4937 1062 4991 descenderet
1080 4941 1109 4990 et
1128 4937 1311 5005 praedicaret
1339 4937 1369 4988 in
1392 4937 1491 5004 platea
1519 4935 1689 5006 florentina,

248 5029 328 5097 quod
346 5044 406 5082 non
425 5033 538 5097 peteret
557 5028 707 5080 licentiam
727 5041 744 5078 a
764 5022 894 5094 praelato
917 5026 1058 5079 audiendi
1087 5041 1165 5079 eum.
1196 5026 1350 5080 Renuebat
1375 5040 1443 5079 cum
1471 5016 1572 5079 David
1592 5042 1637 5096 ps.
1659 5027 1702 5080 16·

151 5182 154 5190 .
249 5117 395 5170 consolari
413 5117 445 5169 in
464 5117 646 5183 animaene,
667 5125 701 5168 ut
720 5129 751 5168 se
770 5116 801 5168 in
820 5129 891 5167 veru.
910 5115 1078 5174 obediontia
1096 5116 1266 5184 abnegaret.
1288 5115 1326 5169 Et
1344 5129 1509 5182 numquam
1532 5117 1690 5185 reperitur,
