<?xml version="1.0" encoding="UTF-8"?>
<!DOCTYPE html PUBLIC "-//W3C//DTD XHTML 1.0 Transitional//EN"
    "http://www.w3.org/TR/xhtml1/DTD/xhtml1-transitional.dtd">
<html xmlns="http://www.w3.org/1999/xhtml" xml:lang="en" lang="en">
 <head>
  <title>
</title>
<meta http-equiv="Content-Type" content="text/html;charset=utf-8" />
  <meta name='ocr-system' content='tesseract 3.04.00' />
  <meta name='ocr-capabilities' content='ocr_page ocr_carea ocr_par ocr_line ocrx_word'/>
</head>
<body>
  <div class='ocr_page' id='page_1' title='image "./fragmentaminora00lemmgoog_0064.png"; bbox 0 0 3616 5678; ppageno 0'>
   <div class='ocr_carea' id='block_1_1' title="bbox 847 430 1084 491">
    <p class='ocr_par' dir='ltr' id='par_1_1' title="bbox 847 430 1084 491">
     <span class='ocr_line' id='line_1_1' title="bbox 847 430 1084 491; baseline -0.004 0"><span class='ocrx_word' id='word_1_1' title='bbox 847 430 1084 491; x_wconf 76' lang='lat' dir='ltr'><strong>nrrnnnin.</strong></span> 
     </span>
    </p>
   </div>
   <div class='ocr_carea' id='block_1_2' title="bbox 490 844 1432 1037">
    <p class='ocr_par' dir='ltr' id='par_1_2' title="bbox 490 844 1432 1037">
     <span class='ocr_line' id='line_1_2' title="bbox 490 844 1432 933; baseline 0.001 -34"><span class='ocrx_word' id='word_1_2' title='bbox 490 844 534 899; x_wconf 87' lang='lat' dir='ltr'><strong>De</strong></span> <span class='ocrx_word' id='word_1_3' title='bbox 552 846 641 900; x_wconf 81' lang='lat' dir='ltr'><strong>beatis</strong></span> <span class='ocrx_word' id='word_1_4' title='bbox 662 844 808 913; x_wconf 76' lang='lat' dir='ltr'><strong>fratribus</strong></span> <span class='ocrx_word' id='word_1_5' title='bbox 820 845 853 900; x_wconf 84' lang='lat' dir='ltr'><strong>in</strong></span> <span class='ocrx_word' id='word_1_6' title='bbox 866 845 976 900; x_wconf 84' lang='lat' dir='ltr'><strong>nicnn&#39;n</strong></span> <span class='ocrx_word' id='word_1_7' title='bbox 989 845 1191 909; x_wconf 76' lang='lat' dir='ltr'><strong>Auumonanr</strong></span> <span class='ocrx_word' id='word_1_8' title='bbox 1211 845 1432 933; x_wconf 73' lang='lat' dir='ltr'><strong>qraiescentibna.</strong></span> 
     </span>
     <span class='ocr_line' id='line_1_3' title="bbox 837 960 1085 1037; baseline 0 -15"><span class='ocrx_word' id='word_1_9' title='bbox 837 970 1015 1037; x_wconf 79' lang='lat' dir='ltr'><strong>capitulum</strong></span> <span class='ocrx_word' id='word_1_10' title='bbox 1034 960 1085 1023; x_wconf 76' lang='lat'><strong>41&#39;.</strong></span> 
     </span>
    </p>
   </div>
   <div class='ocr_carea' id='block_1_3' title="bbox 152 1091 1689 1442">
    <p class='ocr_par' dir='ltr' id='par_1_3' title="bbox 152 1091 1689 1442">
     <span class='ocr_line' id='line_1_4' title="bbox 313 1091 1689 1163; baseline -0.001 -16"><span class='ocrx_word' id='word_1_11' title='bbox 313 1091 511 1148; x_wconf 86' lang='lat' dir='ltr'><strong>Generalante</strong></span> <span class='ocrx_word' id='word_1_12' title='bbox 529 1095 618 1149; x_wconf 86' lang='lat' dir='ltr'><strong>fratre</strong></span> <span class='ocrx_word' id='word_1_13' title='bbox 632 1094 729 1148; x_wconf 83' lang='lat' dir='ltr'><strong>Marco</strong></span> <span class='ocrx_word' id='word_1_14' title='bbox 742 1094 774 1147; x_wconf 93' lang='lat' dir='ltr'><strong>in</strong></span> <span class='ocrx_word' id='word_1_15' title='bbox 790 1094 896 1148; x_wconf 76' lang='lat' dir='ltr'><strong>Clinno</strong></span> <span class='ocrx_word' id='word_1_16' title='bbox 910 1095 1062 1148; x_wconf 87' lang='lat' dir='ltr'><strong>Babilonis</strong></span> <span class='ocrx_word' id='word_1_17' title='bbox 1081 1109 1186 1163; x_wconf 89' lang='lat' dir='ltr'><strong>passus</strong></span> <span class='ocrx_word' id='word_1_18' title='bbox 1205 1099 1250 1149; x_wconf 91' lang='lat' dir='ltr'><strong>est</strong></span> <span class='ocrx_word' id='word_1_19' title='bbox 1268 1096 1358 1151; x_wconf 86' lang='lat' dir='ltr'><strong>frater</strong></span> <span class='ocrx_word' id='word_1_20' title='bbox 1369 1093 1522 1148; x_wconf 62' lang='lat' dir='ltr'><strong>‚lebannes</strong></span> <span class='ocrx_word' id='word_1_21' title='bbox 1541 1095 1577 1148; x_wconf 83' lang='lat' dir='ltr'><strong>de</strong></span> <span class='ocrx_word' id='word_1_22' title='bbox 1599 1095 1689 1147; x_wconf 79' lang='lat' dir='ltr'><strong>Elbeo</strong></span> 
     </span>
     <span class='ocr_line' id='line_1_5' title="bbox 152 1190 1688 1262; baseline -0.001 -16"><span class='ocrx_word' id='word_1_23' title='bbox 152 1194 154 1198; x_wconf 83' lang='grc'><strong>’</strong></span> <span class='ocrx_word' id='word_1_24' title='bbox 242 1190 387 1247; x_wconf 85' lang='lat' dir='ltr'><strong>Castellae</strong></span> <span class='ocrx_word' id='word_1_25' title='bbox 409 1192 579 1260; x_wconf 88' lang='lat' dir='ltr'><strong>provinciae</strong></span> <span class='ocrx_word' id='word_1_26' title='bbox 600 1192 688 1259; x_wconf 91' lang='lat' dir='ltr'><strong>jussu</strong></span> <span class='ocrx_word' id='word_1_27' title='bbox 713 1192 829 1246; x_wconf 88' lang='lat' dir='ltr'><strong>soldani</strong></span> <span class='ocrx_word' id='word_1_28' title='bbox 852 1192 946 1261; x_wconf 89' lang='lat' dir='ltr'><strong>primo</strong></span> <span class='ocrx_word' id='word_1_29' title='bbox 966 1207 1018 1260; x_wconf 90' lang='lat' dir='ltr'><strong>pro</strong></span> <span class='ocrx_word' id='word_1_30' title='bbox 1037 1192 1094 1246; x_wconf 87' lang='lat' dir='ltr'><strong>fide</strong></span> <span class='ocrx_word' id='word_1_31' title='bbox 1107 1193 1284 1262; x_wconf 84' lang='lat' dir='ltr'><strong>gravissime</strong></span> <span class='ocrx_word' id='word_1_32' title='bbox 1306 1193 1489 1261; x_wconf 76' lang='lat' dir='ltr'><strong>verber-aim,</strong></span> <span class='ocrx_word' id='word_1_33' title='bbox 1505 1190 1615 1246; x_wconf 88' lang='lat' dir='ltr'><strong>deinde</strong></span> <span class='ocrx_word' id='word_1_34' title='bbox 1634 1207 1688 1245; x_wconf 90' lang='lat' dir='ltr'><strong>sex</strong></span> 
     </span>
     <span class='ocr_line' id='line_1_6' title="bbox 241 1273 1689 1360; baseline -0.001 -17"><span class='ocrx_word' id='word_1_35' title='bbox 241 1290 334 1344; x_wconf 91' lang='lat' dir='ltr'><strong>clavis</strong></span> <span class='ocrx_word' id='word_1_36' title='bbox 353 1289 469 1344; x_wconf 89' lang='lat' dir='ltr'><strong>duobus</strong></span> <span class='ocrx_word' id='word_1_37' title='bbox 489 1291 520 1343; x_wconf 90' lang='lat' dir='ltr'><strong>in</strong></span> <span class='ocrx_word' id='word_1_38' title='bbox 540 1273 689 1357; x_wconf 76' lang='lat' dir='ltr'><strong>manibuS,</strong></span> <span class='ocrx_word' id='word_1_39' title='bbox 710 1291 827 1345; x_wconf 89' lang='lat' dir='ltr'><strong>duobus</strong></span> <span class='ocrx_word' id='word_1_40' title='bbox 847 1291 879 1344; x_wconf 93' lang='lat' dir='ltr'><strong>in</strong></span> <span class='ocrx_word' id='word_1_41' title='bbox 897 1291 1036 1359; x_wconf 86' lang='lat' dir='ltr'><strong>brachiis,</strong></span> <span class='ocrx_word' id='word_1_42' title='bbox 1058 1291 1173 1344; x_wconf 87' lang='lat' dir='ltr'><strong>duobus</strong></span> <span class='ocrx_word' id='word_1_43' title='bbox 1192 1305 1263 1345; x_wconf 92' lang='lat' dir='ltr'><strong>vero</strong></span> <span class='ocrx_word' id='word_1_44' title='bbox 1282 1291 1405 1360; x_wconf 90' lang='lat' dir='ltr'><strong>reliquis</strong></span> <span class='ocrx_word' id='word_1_45' title='bbox 1424 1273 1602 1359; x_wconf 35' lang='lat' dir='ltr'><strong>in&#39;pedibus</strong></span> <span class='ocrx_word' id='word_1_46' title='bbox 1621 1304 1689 1343; x_wconf 92' lang='lat' dir='ltr'><strong>cru-</strong></span> 
     </span>
     <span class='ocr_line' id='line_1_7' title="bbox 241 1387 380 1442; baseline 0.014 -2"><span class='ocrx_word' id='word_1_47' title='bbox 241 1387 357 1442; x_wconf 87' lang='lat' dir='ltr'><strong>cifixus.</strong></span> <span class='ocrx_word' id='word_1_48' title='bbox 371 1398 380 1425; x_wconf 84' lang='lat'>1</span> 
     </span>
    </p>
   </div>
   <div class='ocr_carea' id='block_1_4' title="bbox 194 1484 1687 1782">
    <p class='ocr_par' dir='ltr' id='par_1_4' title="bbox 194 1484 1687 1782">
     <span class='ocr_line' id='line_1_8' title="bbox 194 1484 1687 1602; baseline 0.002 -36"><span class='ocrx_word' id='word_1_49' title='bbox 194 1519 201 1532; x_wconf 93' lang='grc'>·</span> <span class='ocrx_word' id='word_1_50' title='bbox 311 1513 386 1568; x_wconf 89' lang='lat' dir='ltr'><strong>Item</strong></span> <span class='ocrx_word' id='word_1_51' title='bbox 404 1514 597 1584; x_wconf 89' lang='lat' dir='ltr'><strong>generalante</strong></span> <span class='ocrx_word' id='word_1_52' title='bbox 619 1515 709 1568; x_wconf 76' lang='lat' dir='ltr'><strong>fratre</strong></span> <span class='ocrx_word' id='word_1_53' title='bbox 731 1515 807 1584; x_wconf 83' lang='lat' dir='ltr'><strong>Elya</strong></span> <span class='ocrx_word' id='word_1_54' title='bbox 829 1515 908 1584; x_wconf 88' lang='lat' dir='ltr'><strong>passi</strong></span> <span class='ocrx_word' id='word_1_55' title='bbox 927 1484 1048 1570; x_wconf 88' lang='lat' dir='ltr'><strong>suntin</strong></span> <span class='ocrx_word' id='word_1_56' title='bbox 1071 1515 1158 1584; x_wconf 77' lang='lat' dir='ltr'><strong>Cepia</strong></span> <span class='ocrx_word' id='word_1_57' title='bbox 1181 1513 1394 1584; x_wconf 87' lang='lat' dir='ltr'><strong>Saracenorum</strong></span> <span class='ocrx_word' id='word_1_58' title='bbox 1413 1530 1534 1584; x_wconf 86' lang='lat' dir='ltr'><strong>percos</strong></span> <span class='ocrx_word' id='word_1_59' title='bbox 1553 1531 1607 1586; x_wconf 92' lang='lat' dir='ltr'><strong>pro</strong></span> <span class='ocrx_word' id='word_1_60' title='bbox 1626 1517 1687 1602; x_wconf 83' lang='lat' dir='ltr'><strong>fido</strong></span> 
     </span>
     <span class='ocr_line' id='line_1_9' title="bbox 240 1611 1685 1684; baseline 0.003 -20"><span class='ocrx_word' id='word_1_61' title='bbox 240 1613 354 1680; x_wconf 82' lang='lat' dir='ltr'><strong>iratres,</strong></span> <span class='ocrx_word' id='word_1_62' title='bbox 374 1612 515 1667; x_wconf 85' lang='lat' dir='ltr'><strong>videlicet</strong></span> <span class='ocrx_word' id='word_1_63' title='bbox 533 1612 650 1678; x_wconf 77' lang='lat' dir='ltr'><em>Daniel,</em></span> <span class='ocrx_word' id='word_1_64' title='bbox 672 1619 744 1667; x_wconf 90' lang='lat' dir='ltr'><strong>tunc</strong></span> <span class='ocrx_word' id='word_1_65' title='bbox 763 1614 898 1668; x_wconf 82' lang='lat' dir='ltr'><strong>minister</strong></span> <span class='ocrx_word' id='word_1_66' title='bbox 915 1611 1078 1681; x_wconf 79' lang='lat' dir='ltr'>Calabriae,</span> <span class='ocrx_word' id='word_1_67' title='bbox 1093 1613 1260 1678; x_wconf 81' lang='lat' dir='ltr'><strong>Somnelna,</strong></span> <span class='ocrx_word' id='word_1_68' title='bbox 1276 1614 1415 1684; x_wconf 79' lang='lat' dir='ltr'><strong>Anpelna,</strong></span> <span class='ocrx_word' id='word_1_69' title='bbox 1430 1613 1598 1683; x_wconf 73' lang='lat' dir='ltr'><strong>Dompnan,</strong></span> <span class='ocrx_word' id='word_1_70' title='bbox 1616 1616 1685 1680; x_wconf 76' lang='lat' dir='ltr'><strong>len,</strong></span> 
     </span>
     <span class='ocr_line' id='line_1_10' title="bbox 240 1709 1522 1782; baseline 0.003 -20"><span class='ocrx_word' id='word_1_71' title='bbox 240 1709 381 1764; x_wconf 81' lang='lat' dir='ltr'><strong>Nicolans</strong></span> <span class='ocrx_word' id='word_1_72' title='bbox 400 1715 429 1765; x_wconf 88' lang='lat' dir='ltr'><strong>et</strong></span> <span class='ocrx_word' id='word_1_73' title='bbox 453 1710 595 1779; x_wconf 78' lang='lat' dir='ltr'><strong>b&#39;polinns</strong></span> <span class='ocrx_word' id='word_1_74' title='bbox 613 1711 751 1780; x_wconf 88' lang='lat' dir='ltr'><strong>flagellis,</strong></span> <span class='ocrx_word' id='word_1_75' title='bbox 771 1712 940 1766; x_wconf 78' lang='lat' dir='ltr'><strong>carceribus</strong></span> <span class='ocrx_word' id='word_1_76' title='bbox 959 1716 988 1766; x_wconf 92' lang='lat' dir='ltr'><strong>et</strong></span> <span class='ocrx_word' id='word_1_77' title='bbox 1006 1712 1112 1766; x_wconf 90' lang='lat' dir='ltr'><strong>ultimo</strong></span> <span class='ocrx_word' id='word_1_78' title='bbox 1132 1713 1263 1781; x_wconf 86' lang='lat' dir='ltr'><strong>capitum</strong></span> <span class='ocrx_word' id='word_1_79' title='bbox 1283 1713 1522 1782; x_wconf 49' lang='lat' dir='ltr'><strong>amputatione„2</strong></span> 
     </span>
    </p>
   </div>
   <div class='ocr_carea' id='block_1_5' title="bbox 503 1997 1412 2067">
    <p class='ocr_par' dir='ltr' id='par_1_5' title="bbox 503 1997 1412 2067">
     <span class='ocr_line' id='line_1_11' title="bbox 503 1997 1412 2067; baseline 0 -15"><span class='ocrx_word' id='word_1_80' title='bbox 503 1998 547 2052; x_wconf 85' lang='lat' dir='ltr'><strong>De</strong></span> <span class='ocrx_word' id='word_1_81' title='bbox 565 1997 654 2052; x_wconf 84' lang='lat' dir='ltr'><strong>beatis</strong></span> <span class='ocrx_word' id='word_1_82' title='bbox 672 1997 818 2066; x_wconf 71' lang='lat' dir='ltr'><strong>fratribus</strong></span> <span class='ocrx_word' id='word_1_83' title='bbox 837 1997 870 2051; x_wconf 82' lang='lat' dir='ltr'><strong>in</strong></span> <span class='ocrx_word' id='word_1_84' title='bbox 889 1997 1000 2050; x_wconf 77' lang='lat' dir='ltr'><strong>vienna</strong></span> <span class='ocrx_word' id='word_1_85' title='bbox 1022 1997 1169 2052; x_wconf 78' lang='lat' dir='ltr'><strong>onnmn</strong></span> <span class='ocrx_word' id='word_1_86' title='bbox 1192 1997 1412 2067; x_wconf 75' lang='lat' dir='ltr'><em>quiescentibus,</em></span> 
     </span>
    </p>
   </div>
   <div class='ocr_carea' id='block_1_6' title="bbox 839 2124 1087 2190">
    <p class='ocr_par' dir='ltr' id='par_1_6' title="bbox 839 2124 1087 2190">
     <span class='ocr_line' id='line_1_12' title="bbox 839 2124 1087 2190; baseline 0 -14"><span class='ocrx_word' id='word_1_87' title='bbox 839 2124 1017 2190; x_wconf 73' lang='lat' dir='ltr'>Capitulum</span> <span class='ocrx_word' id='word_1_88' title='bbox 1036 2125 1087 2176; x_wconf 82' lang='lat'><strong>42.</strong></span> 
     </span>
    </p>
   </div>
   <div class='ocr_carea' id='block_1_7' title="bbox 198 2247 1687 3206">
    <p class='ocr_par' dir='ltr' id='par_1_7' title="bbox 198 2247 1687 3206">
     <span class='ocr_line' id='line_1_13' title="bbox 314 2247 1687 2321; baseline 0.001 -16"><span class='ocrx_word' id='word_1_89' title='bbox 314 2249 511 2306; x_wconf 84' lang='lat' dir='ltr'><strong>Generalante</strong></span> <span class='ocrx_word' id='word_1_90' title='bbox 521 2255 621 2305; x_wconf 88' lang='lat' dir='ltr'><strong>autem</strong></span> <span class='ocrx_word' id='word_1_91' title='bbox 634 2247 764 2304; x_wconf 81' lang='lat' dir='ltr'><strong>Gerardo</strong></span> <span class='ocrx_word' id='word_1_92' title='bbox 777 2247 901 2304; x_wconf 89' lang='lat' dir='ltr'><strong>Othonis</strong></span> <span class='ocrx_word' id='word_1_93' title='bbox 913 2249 946 2303; x_wconf 90' lang='lat' dir='ltr'><strong>in</strong></span> <span class='ocrx_word' id='word_1_94' title='bbox 958 2248 1055 2319; x_wconf 80' lang='lat' dir='ltr'><strong>Sarop</strong></span> <span class='ocrx_word' id='word_1_95' title='bbox 1069 2249 1221 2304; x_wconf 88' lang='lat' dir='ltr'><strong>Tartariae</strong></span> <span class='ocrx_word' id='word_1_96' title='bbox 1233 2264 1339 2319; x_wconf 91' lang='lat' dir='ltr'><strong>passus</strong></span> <span class='ocrx_word' id='word_1_97' title='bbox 1352 2255 1396 2305; x_wconf 90' lang='lat' dir='ltr'><strong>est</strong></span> <span class='ocrx_word' id='word_1_98' title='bbox 1409 2251 1499 2305; x_wconf 85' lang='lat' dir='ltr'><strong>irater</strong></span> <span class='ocrx_word' id='word_1_99' title='bbox 1516 2249 1687 2321; x_wconf 78' lang='lat' dir='ltr'><em>Stephanus</em></span> 
     </span>
     <span class='ocr_line' id='line_1_14' title="bbox 242 2347 1687 2420; baseline -0.001 -16"><span class='ocrx_word' id='word_1_100' title='bbox 242 2349 382 2420; x_wconf 85' lang='lat' dir='ltr'><strong>Ungarus</strong></span> <span class='ocrx_word' id='word_1_101' title='bbox 402 2350 489 2404; x_wconf 90' lang='lat' dir='ltr'><strong>fidem</strong></span> <span class='ocrx_word' id='word_1_102' title='bbox 513 2349 698 2419; x_wconf 89' lang='lat' dir='ltr'><strong>praedicans,</strong></span> <span class='ocrx_word' id='word_1_103' title='bbox 726 2350 820 2418; x_wconf 89' lang='lat' dir='ltr'><strong>primo</strong></span> <span class='ocrx_word' id='word_1_104' title='bbox 844 2348 954 2418; x_wconf 78' lang='lat' dir='ltr'>pugnis</span> <span class='ocrx_word' id='word_1_105' title='bbox 978 2352 1007 2402; x_wconf 88' lang='lat' dir='ltr'><strong>et</strong></span> <span class='ocrx_word' id='word_1_106' title='bbox 1029 2347 1145 2403; x_wconf 87' lang='lat' dir='ltr'><strong>baculis</strong></span> <span class='ocrx_word' id='word_1_107' title='bbox 1170 2363 1284 2416; x_wconf 77' lang='lat' dir='ltr'><strong>caesuS,</strong></span> <span class='ocrx_word' id='word_1_108' title='bbox 1310 2348 1417 2403; x_wconf 89' lang='lat' dir='ltr'><strong>deinde</strong></span> <span class='ocrx_word' id='word_1_109' title='bbox 1440 2349 1553 2418; x_wconf 91' lang='lat' dir='ltr'><strong>ligatus</strong></span> <span class='ocrx_word' id='word_1_110' title='bbox 1572 2351 1687 2405; x_wconf 74' lang='lat' dir='ltr'><strong>fortiter</strong></span> 
     </span>
     <span class='ocr_line' id='line_1_15' title="bbox 240 2447 1687 2517; baseline 0 -15"><span class='ocrx_word' id='word_1_111' title='bbox 240 2453 270 2503; x_wconf 93' lang='lat' dir='ltr'><strong>et</strong></span> <span class='ocrx_word' id='word_1_112' title='bbox 287 2451 381 2504; x_wconf 89' lang='lat' dir='ltr'><strong>tortus</strong></span> <span class='ocrx_word' id='word_1_113' title='bbox 400 2449 465 2502; x_wconf 88' lang='lat' dir='ltr'><strong>sine</strong></span> <span class='ocrx_word' id='word_1_114' title='bbox 487 2451 559 2517; x_wconf 91' lang='lat' dir='ltr'><strong>potu</strong></span> <span class='ocrx_word' id='word_1_115' title='bbox 581 2451 610 2501; x_wconf 93' lang='lat' dir='ltr'><strong>et</strong></span> <span class='ocrx_word' id='word_1_116' title='bbox 632 2447 698 2502; x_wconf 91' lang='lat' dir='ltr'><strong>cibo</strong></span> <span class='ocrx_word' id='word_1_117' title='bbox 726 2462 778 2517; x_wconf 90' lang='lat' dir='ltr'><strong>per</strong></span> <span class='ocrx_word' id='word_1_118' title='bbox 800 2450 927 2515; x_wconf 87' lang='lat' dir='ltr'><strong>noctem,</strong></span> <span class='ocrx_word' id='word_1_119' title='bbox 951 2451 1054 2515; x_wconf 87' lang='lat' dir='ltr'><strong>postea</strong></span> <span class='ocrx_word' id='word_1_120' title='bbox 1076 2447 1151 2515; x_wconf 91' lang='lat' dir='ltr'><strong>pede</strong></span> <span class='ocrx_word' id='word_1_121' title='bbox 1169 2451 1198 2501; x_wconf 90' lang='lat' dir='ltr'><strong>et</strong></span> <span class='ocrx_word' id='word_1_122' title='bbox 1217 2462 1309 2502; x_wconf 90' lang='lat' dir='ltr'><strong>manu</strong></span> <span class='ocrx_word' id='word_1_123' title='bbox 1328 2447 1432 2502; x_wconf 88' lang='lat' dir='ltr'><strong>dextra</strong></span> <span class='ocrx_word' id='word_1_124' title='bbox 1450 2462 1617 2517; x_wconf 88' lang='lat' dir='ltr'><strong>suspensus</strong></span> <span class='ocrx_word' id='word_1_125' title='bbox 1640 2455 1687 2502; x_wconf 88' lang='lat' dir='ltr'><strong>est</strong></span> 
     </span>
     <span class='ocr_line' id='line_1_16' title="bbox 240 2545 1685 2618; baseline 0 -18"><span class='ocrx_word' id='word_1_126' title='bbox 240 2548 319 2602; x_wconf 88' lang='lat' dir='ltr'><strong>saxis</strong></span> <span class='ocrx_word' id='word_1_127' title='bbox 339 2547 440 2618; x_wconf 90' lang='lat' dir='ltr'><strong>ligatis</strong></span> <span class='ocrx_word' id='word_1_128' title='bbox 459 2546 496 2601; x_wconf 92' lang='lat' dir='ltr'><strong>ad</strong></span> <span class='ocrx_word' id='word_1_129' title='bbox 515 2561 637 2601; x_wconf 90' lang='lat' dir='ltr'><strong>manum</strong></span> <span class='ocrx_word' id='word_1_130' title='bbox 656 2546 790 2600; x_wconf 83' lang='lat' dir='ltr'><strong>dextram</strong></span> <span class='ocrx_word' id='word_1_131' title='bbox 809 2549 839 2600; x_wconf 88' lang='lat' dir='ltr'><strong>ct</strong></span> <span class='ocrx_word' id='word_1_132' title='bbox 857 2545 962 2614; x_wconf 90' lang='lat' dir='ltr'><strong>pedem</strong></span> <span class='ocrx_word' id='word_1_133' title='bbox 981 2545 1164 2600; x_wconf 89' lang='lat' dir='ltr'><strong>sinistrum-e</strong></span> <span class='ocrx_word' id='word_1_134' title='bbox 1177 2549 1279 2600; x_wconf 90' lang='lat' dir='ltr'><strong>contra</strong></span> <span class='ocrx_word' id='word_1_135' title='bbox 1297 2550 1327 2599; x_wconf 89' lang='lat' dir='ltr'><strong>et</strong></span> <span class='ocrx_word' id='word_1_136' title='bbox 1339 2560 1391 2615; x_wconf 89' lang='lat' dir='ltr'><strong>per</strong></span> <span class='ocrx_word' id='word_1_137' title='bbox 1411 2545 1552 2614; x_wconf 90' lang='lat' dir='ltr'><strong>medium,</strong></span> <span class='ocrx_word' id='word_1_138' title='bbox 1567 2550 1602 2601; x_wconf 90' lang='lat' dir='ltr'><strong>ut</strong></span> <span class='ocrx_word' id='word_1_139' title='bbox 1615 2561 1685 2616; x_wconf 93' lang='lat' dir='ltr'><strong>pon-</strong></span> 
     </span>
     <span class='ocr_line' id='line_1_17' title="bbox 240 2644 1685 2714; baseline 0.001 -16"><span class='ocrx_word' id='word_1_140' title='bbox 240 2645 309 2700; x_wconf 88' lang='lat' dir='ltr'><strong>dere</strong></span> <span class='ocrx_word' id='word_1_141' title='bbox 321 2646 518 2714; x_wconf 75' lang='lat' dir='ltr'><strong>frangeretur,</strong></span> <span class='ocrx_word' id='word_1_142' title='bbox 533 2644 581 2699; x_wconf 93' lang='lat' dir='ltr'><strong>die</strong></span> <span class='ocrx_word' id='word_1_143' title='bbox 593 2644 739 2712; x_wconf 79' lang='lat' dir='ltr'><strong>naturali3</strong></span> <span class='ocrx_word' id='word_1_144' title='bbox 760 2648 826 2713; x_wconf 89' lang='lat' dir='ltr'><strong>post</strong></span> <span class='ocrx_word' id='word_1_145' title='bbox 839 2644 894 2697; x_wconf 91' lang='lat' dir='ltr'><strong>hoc</strong></span> <span class='ocrx_word' id='word_1_146' title='bbox 907 2645 1050 2698; x_wconf 90' lang='lat' dir='ltr'><strong>ambabus</strong></span> <span class='ocrx_word' id='word_1_147' title='bbox 1065 2644 1203 2698; x_wconf 91' lang='lat' dir='ltr'><strong>manibus</strong></span> <span class='ocrx_word' id='word_1_148' title='bbox 1215 2659 1378 2713; x_wconf 88' lang='lat' dir='ltr'><strong>suspensus</strong></span> <span class='ocrx_word' id='word_1_149' title='bbox 1391 2647 1435 2698; x_wconf 91' lang='lat' dir='ltr'><strong>est</strong></span> <span class='ocrx_word' id='word_1_150' title='bbox 1448 2644 1529 2698; x_wconf 88' lang='lat' dir='ltr'><strong>saxis</strong></span> <span class='ocrx_word' id='word_1_151' title='bbox 1542 2645 1581 2698; x_wconf 89' lang='lat' dir='ltr'><strong>ad</strong></span> <span class='ocrx_word' id='word_1_152' title='bbox 1595 2646 1685 2714; x_wconf 90' lang='lat' dir='ltr'><strong>pedes</strong></span> 
     </span>
     <span class='ocr_line' id='line_1_18' title="bbox 239 2741 1685 2813; baseline 0.001 -18"><span class='ocrx_word' id='word_1_153' title='bbox 239 2743 350 2813; x_wconf 70' lang='lat' dir='ltr'><strong>ligatis</strong></span> <span class='ocrx_word' id='word_1_154' title='bbox 371 2748 472 2812; x_wconf 86' lang='lat' dir='ltr'><strong>postea</strong></span> <span class='ocrx_word' id='word_1_155' title='bbox 490 2758 543 2813; x_wconf 92' lang='lat' dir='ltr'><strong>per</strong></span> <span class='ocrx_word' id='word_1_156' title='bbox 560 2744 663 2813; x_wconf 91' lang='lat' dir='ltr'><strong>gulam</strong></span> <span class='ocrx_word' id='word_1_157' title='bbox 683 2756 845 2811; x_wconf 90' lang='lat' dir='ltr'><strong>suspensus</strong></span> <span class='ocrx_word' id='word_1_158' title='bbox 857 2746 1013 2812; x_wconf 88' lang='lat' dir='ltr'><strong>praecepto</strong></span> <span class='ocrx_word' id='word_1_159' title='bbox 1032 2741 1099 2806; x_wconf 82' lang='lat' dir='ltr'><strong>cadi</strong></span> <span class='ocrx_word' id='word_1_160' title='bbox 1113 2742 1183 2811; x_wconf 85' lang='lat' dir='ltr'><strong>igne</strong></span> <span class='ocrx_word' id='word_1_161' title='bbox 1195 2743 1357 2812; x_wconf 89' lang='lat' dir='ltr'><strong>supposito,</strong></span> <span class='ocrx_word' id='word_1_162' title='bbox 1372 2741 1553 2812; x_wconf 87' lang='lat' dir='ltr'><strong>flagellatus,</strong></span> <span class='ocrx_word' id='word_1_163' title='bbox 1568 2743 1640 2797; x_wconf 85' lang='lat' dir='ltr'><strong>inde</strong></span> <span class='ocrx_word' id='word_1_164' title='bbox 1653 2743 1685 2796; x_wconf 88' lang='lat' dir='ltr'><strong>in</strong></span> 
     </span>
     <span class='ocr_line' id='line_1_19' title="bbox 239 2840 1685 2911; baseline -0.001 -14"><span class='ocrx_word' id='word_1_165' title='bbox 239 2844 364 2897; x_wconf 90' lang='lat' dir='ltr'><strong>obscuro</strong></span> <span class='ocrx_word' id='word_1_166' title='bbox 383 2857 501 2896; x_wconf 89' lang='lat' dir='ltr'><strong>carcere</strong></span> <span class='ocrx_word' id='word_1_167' title='bbox 519 2843 632 2911; x_wconf 88' lang='lat' dir='ltr'><strong>positus</strong></span> <span class='ocrx_word' id='word_1_168' title='bbox 651 2842 715 2896; x_wconf 90' lang='lat' dir='ltr'><strong>Deo</strong></span> <span class='ocrx_word' id='word_1_169' title='bbox 737 2841 928 2896; x_wconf 87' lang='lat' dir='ltr'><strong>illuminante</strong></span> <span class='ocrx_word' id='word_1_170' title='bbox 952 2841 1036 2896; x_wconf 84' lang='lat' dir='ltr'><strong>visus</strong></span> <span class='ocrx_word' id='word_1_171' title='bbox 1059 2845 1104 2895; x_wconf 90' lang='lat' dir='ltr'><strong>est</strong></span> <span class='ocrx_word' id='word_1_172' title='bbox 1123 2856 1140 2894; x_wconf 91' lang='lat' dir='ltr'><strong>a</strong></span> <span class='ocrx_word' id='word_1_173' title='bbox 1159 2841 1275 2895; x_wconf 90' lang='lat' dir='ltr'><strong>duabus</strong></span> <span class='ocrx_word' id='word_1_174' title='bbox 1299 2840 1475 2895; x_wconf 89' lang='lat' dir='ltr'><strong>mulieribus</strong></span> <span class='ocrx_word' id='word_1_175' title='bbox 1504 2841 1583 2896; x_wconf 87' lang='lat' dir='ltr'><strong>inter</strong></span> <span class='ocrx_word' id='word_1_176' title='bbox 1609 2841 1685 2896; x_wconf 87' lang='lat' dir='ltr'><strong>duas</strong></span> 
     </span>
     <span class='ocr_line' id='line_1_20' title="bbox 198 2939 1686 3010; baseline 0 -16"><span class='ocrx_word' id='word_1_177' title='bbox 198 2988 208 3003; x_wconf 79' lang='grc'>,</span> <span class='ocrx_word' id='word_1_178' title='bbox 238 2941 392 2995; x_wconf 89' lang='lat' dir='ltr'><strong>columbas</strong></span> <span class='ocrx_word' id='word_1_179' title='bbox 411 2941 494 2995; x_wconf 90' lang='lat' dir='ltr'><strong>albas</strong></span> <span class='ocrx_word' id='word_1_180' title='bbox 507 2941 592 2995; x_wconf 88' lang='lat' dir='ltr'><strong>flexis</strong></span> <span class='ocrx_word' id='word_1_181' title='bbox 605 2941 733 3010; x_wconf 78' lang='lat' dir='ltr'><strong>genibus</strong></span> <span class='ocrx_word' id='word_1_182' title='bbox 747 2955 840 3008; x_wconf 86' lang='lat' dir='ltr'><strong>orare,</strong></span> <span class='ocrx_word' id='word_1_183' title='bbox 861 2940 997 3009; x_wconf 86' lang='lat' dir='ltr'><strong>sequenti</strong></span> <span class='ocrx_word' id='word_1_184' title='bbox 1017 2943 1104 2994; x_wconf 89' lang='lat' dir='ltr'><strong>nocte</strong></span> <span class='ocrx_word' id='word_1_185' title='bbox 1116 2940 1148 2992; x_wconf 92' lang='lat' dir='ltr'><strong>in</strong></span> <span class='ocrx_word' id='word_1_186' title='bbox 1161 2954 1272 3008; x_wconf 90' lang='lat' dir='ltr'><strong>magna</strong></span> <span class='ocrx_word' id='word_1_187' title='bbox 1284 2940 1404 2994; x_wconf 84' lang='lat' dir='ltr'><strong>iornace</strong></span> <span class='ocrx_word' id='word_1_188' title='bbox 1424 2953 1550 2993; x_wconf 88' lang='lat' dir='ltr'><strong>accensa</strong></span> <span class='ocrx_word' id='word_1_189' title='bbox 1562 2939 1686 2994; x_wconf 90' lang='lat' dir='ltr'><strong>clausus</strong></span> 
     </span>
     <span class='ocr_line' id='line_1_21' title="bbox 239 3036 1685 3107; baseline -0.002 -15"><span class='ocrx_word' id='word_1_190' title='bbox 239 3054 325 3093; x_wconf 87' lang='lat' dir='ltr'><strong>mane</strong></span> <span class='ocrx_word' id='word_1_191' title='bbox 344 3040 467 3094; x_wconf 88' lang='lat' dir='ltr'><strong>illaesus</strong></span> <span class='ocrx_word' id='word_1_192' title='bbox 487 3054 573 3093; x_wconf 88' lang='lat' dir='ltr'><strong>orans</strong></span> <span class='ocrx_word' id='word_1_193' title='bbox 592 3043 622 3093; x_wconf 87' lang='lat' dir='ltr'><strong>et</strong></span> <span class='ocrx_word' id='word_1_194' title='bbox 640 3038 752 3093; x_wconf 88' lang='lat' dir='ltr'><strong>sudans</strong></span> <span class='ocrx_word' id='word_1_195' title='bbox 771 3038 841 3093; x_wconf 90' lang='lat' dir='ltr'><strong>inde</strong></span> <span class='ocrx_word' id='word_1_196' title='bbox 859 3041 1010 3093; x_wconf 89' lang='lat' dir='ltr'><strong>extractus</strong></span> <span class='ocrx_word' id='word_1_197' title='bbox 1023 3038 1055 3091; x_wconf 88' lang='lat' dir='ltr'><strong>in</strong></span> <span class='ocrx_word' id='word_1_198' title='bbox 1068 3037 1198 3107; x_wconf 90' lang='lat' dir='ltr'><strong>quadarn</strong></span> <span class='ocrx_word' id='word_1_199' title='bbox 1212 3037 1297 3091; x_wconf 92' lang='lat' dir='ltr'><strong>domo</strong></span> <span class='ocrx_word' id='word_1_200' title='bbox 1317 3037 1452 3092; x_wconf 88' lang='lat' dir='ltr'><strong>reclusus</strong></span> <span class='ocrx_word' id='word_1_201' title='bbox 1471 3041 1574 3107; x_wconf 87' lang='lat' dir='ltr'><strong>postea</strong></span> <span class='ocrx_word' id='word_1_202' title='bbox 1587 3036 1685 3092; x_wconf 91' lang='lat' dir='ltr'><strong>decol-</strong></span> 
     </span>
     <span class='ocr_line' id='line_1_22' title="bbox 239 3134 1686 3206; baseline 0 -16"><span class='ocrx_word' id='word_1_203' title='bbox 239 3138 357 3206; x_wconf 90' lang='lat' dir='ltr'><strong>landus,</strong></span> <span class='ocrx_word' id='word_1_204' title='bbox 379 3137 465 3206; x_wconf 88' lang='lat' dir='ltr'><strong>cujus</strong></span> <span class='ocrx_word' id='word_1_205' title='bbox 479 3137 562 3192; x_wconf 90' lang='lat' dir='ltr'><strong>ostiis</strong></span> <span class='ocrx_word' id='word_1_206' title='bbox 581 3138 682 3192; x_wconf 78' lang='lat' dir='ltr'><strong>fractis</strong></span> <span class='ocrx_word' id='word_1_207' title='bbox 695 3152 713 3191; x_wconf 87' lang='lat' dir='ltr'><strong>a</strong></span> <span class='ocrx_word' id='word_1_208' title='bbox 726 3134 882 3191; x_wconf 82' lang='lat' dir='ltr'><strong>Saracenis</strong></span> <span class='ocrx_word' id='word_1_209' title='bbox 895 3137 1008 3206; x_wconf 88' lang='lat' dir='ltr'><strong>impetu</strong></span> <span class='ocrx_word' id='word_1_210' title='bbox 1027 3137 1089 3191; x_wconf 90' lang='lat' dir='ltr'><strong>irae</strong></span> <span class='ocrx_word' id='word_1_211' title='bbox 1108 3137 1229 3205; x_wconf 92' lang='lat' dir='ltr'><strong>quidam</strong></span> <span class='ocrx_word' id='word_1_212' title='bbox 1247 3137 1346 3205; x_wconf 88' lang='lat' dir='ltr'><strong>ipsum</strong></span> <span class='ocrx_word' id='word_1_213' title='bbox 1359 3136 1455 3191; x_wconf 90' lang='lat' dir='ltr'><strong>securi</strong></span> <span class='ocrx_word' id='word_1_214' title='bbox 1468 3151 1486 3189; x_wconf 90' lang='lat' dir='ltr'><strong>a</strong></span> <span class='ocrx_word' id='word_1_215' title='bbox 1498 3135 1576 3189; x_wconf 90' lang='lat' dir='ltr'><strong>collo</strong></span> <span class='ocrx_word' id='word_1_216' title='bbox 1589 3150 1686 3204; x_wconf 89' lang='lat' dir='ltr'><strong>usque</strong></span> 
     </span>
    </p>
   </div>
   <div class='ocr_carea' id='block_1_8' title="bbox 129 3233 1685 3304">
    <p class='ocr_par' dir='ltr' id='par_1_8' title="bbox 129 3233 1685 3304">
     <span class='ocr_line' id='line_1_23' title="bbox 129 3233 1685 3304; baseline -0.001 -15"><span class='ocrx_word' id='word_1_217' title='bbox 129 3233 139 3252; x_wconf 76' lang='lat'>⁸</span> <span class='ocrx_word' id='word_1_218' title='bbox 240 3236 371 3291; x_wconf 90' lang='lat' dir='ltr'><strong>medium</strong></span> <span class='ocrx_word' id='word_1_219' title='bbox 389 3236 487 3304; x_wconf 86' lang='lat' dir='ltr'><strong>scidit,</strong></span> <span class='ocrx_word' id='word_1_220' title='bbox 508 3236 583 3290; x_wconf 90' lang='lat' dir='ltr'><strong>alter</strong></span> <span class='ocrx_word' id='word_1_221' title='bbox 600 3251 670 3290; x_wconf 90' lang='lat' dir='ltr'><strong>vero</strong></span> <span class='ocrx_word' id='word_1_222' title='bbox 683 3236 726 3289; x_wconf 91' lang='lat' dir='ltr'><strong>sic</strong></span> <span class='ocrx_word' id='word_1_223' title='bbox 739 3235 862 3290; x_wconf 90' lang='lat' dir='ltr'><strong>cultello</strong></span> <span class='ocrx_word' id='word_1_224' title='bbox 880 3235 946 3303; x_wconf 82' lang='lat' dir='ltr'><strong>ejus</strong></span> <span class='ocrx_word' id='word_1_225' title='bbox 964 3243 1098 3289; x_wconf 86' lang='lat' dir='ltr'><strong>ventrem</strong></span> <span class='ocrx_word' id='word_1_226' title='bbox 1118 3235 1244 3304; x_wconf 89' lang='lat' dir='ltr'><strong>aperuit,</strong></span> <span class='ocrx_word' id='word_1_227' title='bbox 1259 3234 1339 3304; x_wconf 92' lang='lat' dir='ltr'><strong>quod</strong></span> <span class='ocrx_word' id='word_1_228' title='bbox 1352 3235 1435 3289; x_wconf 90' lang='lat' dir='ltr'><strong>intus</strong></span> <span class='ocrx_word' id='word_1_229' title='bbox 1447 3234 1563 3288; x_wconf 86' lang='lat' dir='ltr'><strong>viscera</strong></span> <span class='ocrx_word' id='word_1_230' title='bbox 1582 3239 1685 3302; x_wconf 89' lang='lat' dir='ltr'><strong>patue-</strong></span> 
     </span>
    </p>
   </div>
   <div class='ocr_carea' id='block_1_9' title="bbox 239 3321 1685 4190">
    <p class='ocr_par' dir='ltr' id='par_1_9' title="bbox 239 3321 1685 4190">
     <span class='ocr_line' id='line_1_24' title="bbox 239 3321 1684 3404; baseline -0.003 -13"><span class='ocrx_word' id='word_1_231' title='bbox 239 3340 319 3404; x_wconf 88' lang='lat' dir='ltr'><strong>mnt,</strong></span> <span class='ocrx_word' id='word_1_232' title='bbox 340 3321 430 3390; x_wconf 88' lang='lat' dir='ltr'><strong>ceteri</strong></span> <span class='ocrx_word' id='word_1_233' title='bbox 443 3350 513 3390; x_wconf 90' lang='lat' dir='ltr'><strong>vero</strong></span> <span class='ocrx_word' id='word_1_234' title='bbox 526 3335 625 3389; x_wconf 89' lang='lat' dir='ltr'><strong>taliter</strong></span> <span class='ocrx_word' id='word_1_235' title='bbox 643 3349 817 3404; x_wconf 90' lang='lat' dir='ltr'><strong>percussum</strong></span> <span class='ocrx_word' id='word_1_236' title='bbox 831 3334 869 3387; x_wconf 86' lang='lat' dir='ltr'><strong>ad</strong></span> <span class='ocrx_word' id='word_1_237' title='bbox 883 3334 1009 3388; x_wconf 90' lang='lat' dir='ltr'><strong>caudam</strong></span> <span class='ocrx_word' id='word_1_238' title='bbox 1021 3335 1091 3403; x_wconf 88' lang='lat' dir='ltr'><strong>equi</strong></span> <span class='ocrx_word' id='word_1_239' title='bbox 1111 3334 1282 3404; x_wconf 85' lang='lat' dir='ltr'><strong>ligaverunt</strong></span> <span class='ocrx_word' id='word_1_240' title='bbox 1294 3349 1347 3403; x_wconf 92' lang='lat' dir='ltr'><strong>per</strong></span> <span class='ocrx_word' id='word_1_241' title='bbox 1365 3333 1516 3388; x_wconf 88' lang='lat' dir='ltr'><strong>civitatem</strong></span> <span class='ocrx_word' id='word_1_242' title='bbox 1535 3333 1684 3402; x_wconf 90' lang='lat' dir='ltr'><strong>ducendo,</strong></span> 
     </span>
     <span class='ocr_line' id='line_1_25' title="bbox 239 3431 1685 3503; baseline -0.001 -14"><span class='ocrx_word' id='word_1_243' title='bbox 239 3435 292 3503; x_wconf 90' lang='lat' dir='ltr'><strong>qui</strong></span> <span class='ocrx_word' id='word_1_244' title='bbox 311 3435 413 3488; x_wconf 87' lang='lat' dir='ltr'><strong>divino</strong></span> <span class='ocrx_word' id='word_1_245' title='bbox 432 3434 526 3488; x_wconf 78' lang='lat' dir='ltr'><strong>fultus</strong></span> <span class='ocrx_word' id='word_1_246' title='bbox 545 3433 658 3488; x_wconf 88' lang='lat' dir='ltr'><strong>auxilio</strong></span> <span class='ocrx_word' id='word_1_247' title='bbox 677 3433 720 3487; x_wconf 89' lang='lat' dir='ltr'><strong>sic</strong></span> <span class='ocrx_word' id='word_1_248' title='bbox 738 3433 913 3488; x_wconf 87' lang='lat' dir='ltr'><strong>vulneratus</strong></span> <span class='ocrx_word' id='word_1_249' title='bbox 933 3433 1032 3502; x_wconf 88' lang='lat' dir='ltr'><strong>ipsum</strong></span> <span class='ocrx_word' id='word_1_250' title='bbox 1050 3448 1163 3502; x_wconf 89' lang='lat' dir='ltr'><strong>equum</strong></span> <span class='ocrx_word' id='word_1_251' title='bbox 1186 3433 1382 3502; x_wconf 84' lang='lat' dir='ltr'><strong>praecedebat</strong></span> <span class='ocrx_word' id='word_1_252' title='bbox 1404 3433 1521 3486; x_wconf 89' lang='lat' dir='ltr'><strong>viscera</strong></span> <span class='ocrx_word' id='word_1_253' title='bbox 1544 3431 1685 3487; x_wconf 89' lang='lat' dir='ltr'><strong>manibus</strong></span> 
     </span>
     <span class='ocr_line' id='line_1_26' title="bbox 239 3529 1685 3602; baseline -0.001 -15"><span class='ocrx_word' id='word_1_254' title='bbox 239 3533 377 3602; x_wconf 90' lang='lat' dir='ltr'><strong>tenendo,</strong></span> <span class='ocrx_word' id='word_1_255' title='bbox 392 3537 421 3586; x_wconf 91' lang='lat' dir='ltr'><strong>et</strong></span> <span class='ocrx_word' id='word_1_256' title='bbox 434 3537 507 3587; x_wconf 91' lang='lat' dir='ltr'><strong>tunc</strong></span> <span class='ocrx_word' id='word_1_257' title='bbox 520 3532 585 3600; x_wconf 82' lang='lat' dir='ltr'><strong>ejns</strong></span> <span class='ocrx_word' id='word_1_258' title='bbox 597 3532 733 3587; x_wconf 89' lang='lat' dir='ltr'><strong>auricula</strong></span> <span class='ocrx_word' id='word_1_259' title='bbox 746 3532 877 3586; x_wconf 91' lang='lat' dir='ltr'><strong>abscissa</strong></span> <span class='ocrx_word' id='word_1_260' title='bbox 889 3535 919 3586; x_wconf 90' lang='lat' dir='ltr'><strong>et</strong></span> <span class='ocrx_word' id='word_1_261' title='bbox 931 3532 963 3585; x_wconf 93' lang='lat' dir='ltr'><strong>in</strong></span> <span class='ocrx_word' id='word_1_262' title='bbox 977 3532 1048 3601; x_wconf 91' lang='lat' dir='ltr'><strong>igne</strong></span> <span class='ocrx_word' id='word_1_263' title='bbox 1061 3531 1192 3600; x_wconf 86' lang='lat' dir='ltr'><strong>projecta</strong></span> <span class='ocrx_word' id='word_1_264' title='bbox 1204 3531 1275 3585; x_wconf 92' lang='lat' dir='ltr'><strong>inde</strong></span> <span class='ocrx_word' id='word_1_265' title='bbox 1287 3530 1415 3600; x_wconf 86' lang='lat' dir='ltr'><strong>prosiliit</strong></span> <span class='ocrx_word' id='word_1_266' title='bbox 1427 3530 1549 3598; x_wconf 78' lang='lat' dir='ltr'><strong>illaesa3</strong></span> <span class='ocrx_word' id='word_1_267' title='bbox 1563 3529 1685 3585; x_wconf 89' lang='lat' dir='ltr'><strong>demum</strong></span> 
     </span>
     <span class='ocr_line' id='line_1_27' title="bbox 240 3629 1684 3702; baseline 0.001 -18"><span class='ocrx_word' id='word_1_268' title='bbox 240 3633 303 3702; x_wconf 89' lang='lat' dir='ltr'><strong>ipse</strong></span> <span class='ocrx_word' id='word_1_269' title='bbox 321 3631 470 3701; x_wconf 89' lang='lat' dir='ltr'><strong>projectus</strong></span> <span class='ocrx_word' id='word_1_270' title='bbox 488 3632 520 3685; x_wconf 91' lang='lat' dir='ltr'><strong>in</strong></span> <span class='ocrx_word' id='word_1_271' title='bbox 540 3631 625 3685; x_wconf 91' lang='lat' dir='ltr'><strong>domo</strong></span> <span class='ocrx_word' id='word_1_272' title='bbox 644 3631 733 3701; x_wconf 91' lang='lat' dir='ltr'><strong>plena</strong></span> <span class='ocrx_word' id='word_1_273' title='bbox 752 3631 903 3700; x_wconf 91' lang='lat' dir='ltr'><strong>lignorum</strong></span> <span class='ocrx_word' id='word_1_274' title='bbox 922 3635 952 3684; x_wconf 92' lang='lat' dir='ltr'><strong>et</strong></span> <span class='ocrx_word' id='word_1_275' title='bbox 970 3630 1050 3700; x_wconf 85' lang='lat' dir='ltr'><strong>ignis</strong></span> <span class='ocrx_word' id='word_1_276' title='bbox 1070 3631 1209 3685; x_wconf 87' lang='lat' dir='ltr'><strong>manibus</strong></span> <span class='ocrx_word' id='word_1_277' title='bbox 1233 3629 1335 3699; x_wconf 86' lang='lat' dir='ltr'><strong>ligatis</strong></span> <span class='ocrx_word' id='word_1_278' title='bbox 1358 3644 1546 3699; x_wconf 87' lang='lat' dir='ltr'><strong>permanens,</strong></span> <span class='ocrx_word' id='word_1_279' title='bbox 1567 3630 1684 3699; x_wconf 88' lang='lat' dir='ltr'><strong>quoties</strong></span> 
     </span>
     <span class='ocr_line' id='line_1_28' title="bbox 239 3727 1683 3799; baseline -0.001 -17"><span class='ocrx_word' id='word_1_280' title='bbox 239 3730 358 3785; x_wconf 89' lang='lat' dir='ltr'><strong>volebat</strong></span> <span class='ocrx_word' id='word_1_281' title='bbox 375 3745 408 3785; x_wconf 90' lang='lat' dir='ltr'><strong>se</strong></span> <span class='ocrx_word' id='word_1_282' title='bbox 420 3744 508 3784; x_wconf 88' lang='lat' dir='ltr'><strong>cruce</strong></span> <span class='ocrx_word' id='word_1_283' title='bbox 520 3730 649 3799; x_wconf 88' lang='lat' dir='ltr'><strong>signare,</strong></span> <span class='ocrx_word' id='word_1_284' title='bbox 664 3729 731 3798; x_wconf 86' lang='lat' dir='ltr'><strong>ejus</strong></span> <span class='ocrx_word' id='word_1_285' title='bbox 744 3744 851 3784; x_wconf 89' lang='lat' dir='ltr'><strong>manus</strong></span> <span class='ocrx_word' id='word_1_286' title='bbox 870 3728 1118 3791; x_wconf 88' lang='lat' dir='ltr'><strong>dissolvebantur,</strong></span> <span class='ocrx_word' id='word_1_287' title='bbox 1135 3731 1164 3783; x_wconf 88' lang='lat' dir='ltr'><strong>et</strong></span> <span class='ocrx_word' id='word_1_288' title='bbox 1177 3728 1290 3783; x_wconf 91' lang='lat' dir='ltr'><strong>dictum</strong></span> <span class='ocrx_word' id='word_1_289' title='bbox 1303 3729 1405 3798; x_wconf 85' lang='lat' dir='ltr'><strong>ignem</strong></span> <span class='ocrx_word' id='word_1_290' title='bbox 1416 3727 1572 3798; x_wconf 88' lang='lat' dir='ltr'><strong>ingressus</strong></span> <span class='ocrx_word' id='word_1_291' title='bbox 1584 3727 1683 3783; x_wconf 87' lang='lat' dir='ltr'><strong>statim</strong></span> 
     </span>
     <span class='ocr_line' id='line_1_29' title="bbox 239 3825 1683 3897; baseline -0.003 -14"><span class='ocrx_word' id='word_1_292' title='bbox 239 3828 377 3896; x_wconf 82' lang='lat' dir='ltr'><strong>extinxit,</strong></span> <span class='ocrx_word' id='word_1_293' title='bbox 398 3842 490 3897; x_wconf 88' lang='lat' dir='ltr'><strong>quare</strong></span> <span class='ocrx_word' id='word_1_294' title='bbox 508 3831 581 3882; x_wconf 91' lang='lat' dir='ltr'><strong>tunc</strong></span> <span class='ocrx_word' id='word_1_295' title='bbox 600 3826 749 3896; x_wconf 90' lang='lat' dir='ltr'><strong>lapidatus</strong></span> <span class='ocrx_word' id='word_1_296' title='bbox 767 3827 875 3881; x_wconf 89' lang='lat' dir='ltr'><strong>iterum</strong></span> <span class='ocrx_word' id='word_1_297' title='bbox 894 3831 939 3881; x_wconf 88' lang='lat' dir='ltr'><strong>est</strong></span> <span class='ocrx_word' id='word_1_298' title='bbox 957 3826 1121 3896; x_wconf 87' lang='lat' dir='ltr'><strong>positusin</strong></span> <span class='ocrx_word' id='word_1_299' title='bbox 1141 3826 1211 3895; x_wconf 84' lang='lat' dir='ltr'><strong>igne</strong></span> <span class='ocrx_word' id='word_1_300' title='bbox 1230 3825 1412 3880; x_wconf 85' lang='lat' dir='ltr'><strong>calamorum</strong></span> <span class='ocrx_word' id='word_1_301' title='bbox 1431 3828 1461 3880; x_wconf 89' lang='lat' dir='ltr'><strong>et</strong></span> <span class='ocrx_word' id='word_1_302' title='bbox 1485 3825 1583 3894; x_wconf 85' lang='lat' dir='ltr'><strong>adipis</strong></span> <span class='ocrx_word' id='word_1_303' title='bbox 1614 3827 1683 3895; x_wconf 88' lang='lat' dir='ltr'><strong>equi</strong></span> 
     </span>
     <span class='ocr_line' id='line_1_30' title="bbox 240 3923 1684 3995; baseline -0.002 -15"><span class='ocrx_word' id='word_1_304' title='bbox 240 3927 378 3981; x_wconf 91' lang='lat' dir='ltr'><strong>manibus</strong></span> <span class='ocrx_word' id='word_1_305' title='bbox 397 3926 497 3995; x_wconf 88' lang='lat' dir='ltr'><strong>ligatis</strong></span> <span class='ocrx_word' id='word_1_306' title='bbox 516 3926 568 3980; x_wconf 88' lang='lat' dir='ltr'><strong>sed</strong></span> <span class='ocrx_word' id='word_1_307' title='bbox 587 3941 639 3994; x_wconf 92' lang='lat' dir='ltr'><strong>pro</strong></span> <span class='ocrx_word' id='word_1_308' title='bbox 658 3925 755 3980; x_wconf 85' lang='lat' dir='ltr'><strong>crucis</strong></span> <span class='ocrx_word' id='word_1_309' title='bbox 768 3925 855 3994; x_wconf 89' lang='lat' dir='ltr'><strong>signo</strong></span> <span class='ocrx_word' id='word_1_310' title='bbox 867 3924 973 3979; x_wconf 90' lang='lat' dir='ltr'><strong>solutis</strong></span> <span class='ocrx_word' id='word_1_311' title='bbox 992 3925 1028 3979; x_wconf 93' lang='lat' dir='ltr'><strong>de</strong></span> <span class='ocrx_word' id='word_1_312' title='bbox 1042 3924 1145 3978; x_wconf 91' lang='lat' dir='ltr'><strong>eodem</strong></span> <span class='ocrx_word' id='word_1_313' title='bbox 1163 3924 1252 3979; x_wconf 89' lang='lat' dir='ltr'><strong>etiam</strong></span> <span class='ocrx_word' id='word_1_314' title='bbox 1273 3925 1344 3994; x_wconf 88' lang='lat' dir='ltr'><strong>igne</strong></span> <span class='ocrx_word' id='word_1_315' title='bbox 1357 3924 1480 3979; x_wconf 88' lang='lat' dir='ltr'><strong>illaesus</strong></span> <span class='ocrx_word' id='word_1_316' title='bbox 1493 3925 1598 3980; x_wconf 88' lang='lat' dir='ltr'><strong>exivit.</strong></span> <span class='ocrx_word' id='word_1_317' title='bbox 1613 3923 1684 3979; x_wconf 89' lang='lat' dir='ltr'><strong>ldeo</strong></span> 
     </span>
     <span class='ocr_line' id='line_1_31' title="bbox 240 4021 1684 4094; baseline 0 -17"><span class='ocrx_word' id='word_1_318' title='bbox 240 4025 399 4093; x_wconf 90' lang='lat' dir='ltr'><strong>lapidibus,</strong></span> <span class='ocrx_word' id='word_1_319' title='bbox 426 4025 590 4092; x_wconf 85' lang='lat' dir='ltr'><strong>securibus,</strong></span> <span class='ocrx_word' id='word_1_320' title='bbox 616 4023 725 4094; x_wconf 84' lang='lat' dir='ltr'><strong>gladiis</strong></span> <span class='ocrx_word' id='word_1_321' title='bbox 744 4028 773 4078; x_wconf 88' lang='lat' dir='ltr'><strong>et</strong></span> <span class='ocrx_word' id='word_1_322' title='bbox 792 4023 859 4077; x_wconf 89' lang='lat' dir='ltr'><strong>aliis</strong></span> <span class='ocrx_word' id='word_1_323' title='bbox 881 4021 1045 4077; x_wconf 87' lang='lat' dir='ltr'><strong>offensoriis</strong></span> <span class='ocrx_word' id='word_1_324' title='bbox 1066 4022 1111 4076; x_wconf 86' lang='lat' dir='ltr'><strong>sic</strong></span> <span class='ocrx_word' id='word_1_325' title='bbox 1132 4037 1290 4092; x_wconf 89' lang='lat' dir='ltr'><strong>percussus</strong></span> <span class='ocrx_word' id='word_1_326' title='bbox 1312 4027 1367 4091; x_wconf 88' lang='lat' dir='ltr'><strong>est,</strong></span> <span class='ocrx_word' id='word_1_327' title='bbox 1390 4022 1470 4092; x_wconf 88' lang='lat' dir='ltr'><strong>quod</strong></span> <span class='ocrx_word' id='word_1_328' title='bbox 1492 4022 1579 4078; x_wconf 88' lang='lat' dir='ltr'><strong>nulla</strong></span> <span class='ocrx_word' id='word_1_329' title='bbox 1601 4027 1684 4092; x_wconf 88' lang='lat' dir='ltr'><strong>parte</strong></span> 
     </span>
     <span class='ocr_line' id='line_1_32' title="bbox 240 4119 1225 4190; baseline -0.001 -16"><span class='ocrx_word' id='word_1_330' title='bbox 240 4121 334 4190; x_wconf 91' lang='lat' dir='ltr'><strong>ipsius</strong></span> <span class='ocrx_word' id='word_1_331' title='bbox 354 4121 483 4190; x_wconf 89' lang='lat' dir='ltr'><strong>corporis</strong></span> <span class='ocrx_word' id='word_1_332' title='bbox 502 4125 674 4175; x_wconf 88' lang='lat' dir='ltr'><strong>remanente</strong></span> <span class='ocrx_word' id='word_1_333' title='bbox 692 4121 804 4175; x_wconf 88' lang='lat' dir='ltr'><strong>intacta</strong></span> <span class='ocrx_word' id='word_1_334' title='bbox 822 4119 1001 4173; x_wconf 89' lang='lat' dir='ltr'><strong>obdormivit</strong></span> <span class='ocrx_word' id='word_1_335' title='bbox 1020 4119 1051 4172; x_wconf 90' lang='lat' dir='ltr'><strong>in</strong></span> <span class='ocrx_word' id='word_1_336' title='bbox 1064 4119 1225 4173; x_wconf 80' lang='lat' dir='ltr'><strong>Domino.³</strong></span> 
     </span>
    </p>
   </div>
   <div class='ocr_carea' id='block_1_10' title="bbox 240 4242 1684 4512">
    <p class='ocr_par' dir='ltr' id='par_1_10' title="bbox 240 4242 1684 4512">
     <span class='ocr_line' id='line_1_33' title="bbox 311 4242 1682 4315; baseline -0.001 -16"><span class='ocrx_word' id='word_1_337' title='bbox 311 4246 349 4300; x_wconf 90' lang='lat' dir='ltr'><strong>Et</strong></span> <span class='ocrx_word' id='word_1_338' title='bbox 358 4245 468 4299; x_wconf 90' lang='lat' dir='ltr'><strong>ibidem</strong></span> <span class='ocrx_word' id='word_1_339' title='bbox 478 4245 670 4315; x_wconf 86' lang='lat' dir='ltr'><strong>generalante</strong></span> <span class='ocrx_word' id='word_1_340' title='bbox 680 4246 769 4300; x_wconf 85' lang='lat' dir='ltr'><strong>tratre</strong></span> <span class='ocrx_word' id='word_1_341' title='bbox 779 4243 929 4299; x_wconf 86' lang='lat' dir='ltr'><strong>Gonsalvo</strong></span> <span class='ocrx_word' id='word_1_342' title='bbox 939 4245 1044 4298; x_wconf 88' lang='lat' dir='ltr'><strong>beatus</strong></span> <span class='ocrx_word' id='word_1_343' title='bbox 1056 4242 1316 4310; x_wconf 66' lang='lat' dir='ltr'><strong>frontenaico,</strong></span> <span class='ocrx_word' id='word_1_344' title='bbox 1328 4244 1400 4298; x_wconf 92' lang='lat' dir='ltr'><strong>olim</strong></span> <span class='ocrx_word' id='word_1_345' title='bbox 1413 4258 1466 4298; x_wconf 88' lang='lat' dir='ltr'><strong>rex</strong></span> <span class='ocrx_word' id='word_1_346' title='bbox 1479 4242 1682 4310; x_wconf 88' lang='lat' dir='ltr'><strong>Tartarorum,</strong></span> 
     </span>
     <span class='ocr_line' id='line_1_34' title="bbox 241 4342 1684 4414; baseline -0.001 -17"><span class='ocrx_word' id='word_1_347' title='bbox 241 4344 327 4413; x_wconf 90' lang='lat' dir='ltr'><strong>cujus</strong></span> <span class='ocrx_word' id='word_1_348' title='bbox 346 4359 452 4414; x_wconf 90' lang='lat' dir='ltr'><strong>corpus</strong></span> <span class='ocrx_word' id='word_1_349' title='bbox 471 4348 536 4412; x_wconf 89' lang='lat' dir='ltr'><strong>post</strong></span> <span class='ocrx_word' id='word_1_350' title='bbox 554 4343 679 4413; x_wconf 89' lang='lat' dir='ltr'><strong>triginta</strong></span> <span class='ocrx_word' id='word_1_351' title='bbox 696 4358 791 4398; x_wconf 89' lang='lat' dir='ltr'><strong>annos</strong></span> <span class='ocrx_word' id='word_1_352' title='bbox 810 4343 987 4397; x_wconf 89' lang='lat' dir='ltr'><strong>translatum</strong></span> <span class='ocrx_word' id='word_1_353' title='bbox 1005 4343 1156 4412; x_wconf 87' lang='lat' dir='ltr'><strong>integrum</strong></span> <span class='ocrx_word' id='word_1_354' title='bbox 1169 4356 1238 4397; x_wconf 84' lang='lat' dir='ltr'><strong>cum</strong></span> <span class='ocrx_word' id='word_1_355' title='bbox 1252 4343 1356 4397; x_wconf 89' lang='lat' dir='ltr'><strong>habitu</strong></span> <span class='ocrx_word' id='word_1_356' title='bbox 1374 4347 1419 4398; x_wconf 87' lang='lat' dir='ltr'><strong>est</strong></span> <span class='ocrx_word' id='word_1_357' title='bbox 1436 4342 1595 4398; x_wconf 86' lang='lat' dir='ltr'><strong>inventum</strong></span> <span class='ocrx_word' id='word_1_358' title='bbox 1615 4357 1684 4400; x_wconf 83' lang='lat' dir='ltr'><strong>cum</strong></span> 
     </span>
     <span class='ocr_line' id='line_1_35' title="bbox 240 4439 1450 4512; baseline -0.002 -16"><span class='ocrx_word' id='word_1_359' title='bbox 240 4457 294 4497; x_wconf 89' lang='lat' dir='ltr'><strong>suo</strong></span> <span class='ocrx_word' id='word_1_360' title='bbox 312 4443 411 4511; x_wconf 81' lang='lat' dir='ltr'><strong>tratre,</strong></span> <span class='ocrx_word' id='word_1_361' title='bbox 431 4442 469 4496; x_wconf 91' lang='lat' dir='ltr'><strong>ad</strong></span> <span class='ocrx_word' id='word_1_362' title='bbox 488 4443 575 4511; x_wconf 76' lang='lat' dir='ltr'><strong>qu‘us</strong></span> <span class='ocrx_word' id='word_1_363' title='bbox 594 4442 784 4512; x_wconf 89' lang='lat' dir='ltr'><strong>sepulchrum</strong></span> <span class='ocrx_word' id='word_1_364' title='bbox 804 4439 970 4496; x_wconf 76' lang='lat' dir='ltr'><strong>Saracenas</strong></span> <span class='ocrx_word' id='word_1_365' title='bbox 989 4441 1199 4496; x_wconf 86' lang='lat' dir='ltr'><strong>daemoniacus</strong></span> <span class='ocrx_word' id='word_1_366' title='bbox 1217 4445 1262 4496; x_wconf 90' lang='lat' dir='ltr'><strong>est</strong></span> <span class='ocrx_word' id='word_1_367' title='bbox 1275 4440 1450 4496; x_wconf 79' lang='lat' dir='ltr'><strong>liberatus.⁴</strong></span> 
     </span>
    </p>
   </div>
   <div class='ocr_carea' id='block_1_11' title="bbox 240 4565 1684 4734">
    <p class='ocr_par' dir='ltr' id='par_1_11' title="bbox 240 4565 1684 4734">
     <span class='ocr_line' id='line_1_36' title="bbox 310 4565 1684 4636; baseline 0.001 -16"><span class='ocrx_word' id='word_1_368' title='bbox 310 4567 385 4622; x_wconf 90' lang='lat' dir='ltr'><strong>Item</strong></span> <span class='ocrx_word' id='word_1_369' title='bbox 398 4567 478 4636; x_wconf 91' lang='lat' dir='ltr'><strong>apud</strong></span> <span class='ocrx_word' id='word_1_370' title='bbox 495 4568 624 4636; x_wconf 78' lang='lat' dir='ltr'><strong>Tbepaan</strong></span> <span class='ocrx_word' id='word_1_371' title='bbox 638 4567 723 4636; x_wconf 88' lang='lat' dir='ltr'><strong>regni</strong></span> <span class='ocrx_word' id='word_1_372' title='bbox 735 4567 893 4621; x_wconf 90' lang='lat' dir='ltr'><strong>Persarum</strong></span> <span class='ocrx_word' id='word_1_373' title='bbox 907 4567 1026 4635; x_wconf 90' lang='lat' dir='ltr'><strong>maj0ris</strong></span> <span class='ocrx_word' id='word_1_374' title='bbox 1038 4565 1207 4636; x_wconf 89' lang='lat' dir='ltr'><strong>Armeniae,</strong></span> <span class='ocrx_word' id='word_1_375' title='bbox 1218 4567 1272 4622; x_wconf 88' lang='lat' dir='ltr'><strong>ubi</strong></span> <span class='ocrx_word' id='word_1_376' title='bbox 1284 4567 1412 4636; x_wconf 88' lang='lat' dir='ltr'><strong>quiescit</strong></span> <span class='ocrx_word' id='word_1_377' title='bbox 1424 4581 1493 4620; x_wconf 90' lang='lat' dir='ltr'><strong>arca</strong></span> <span class='ocrx_word' id='word_1_378' title='bbox 1505 4565 1579 4635; x_wconf 88' lang='lat' dir='ltr'><strong>Noe,</strong></span> <span class='ocrx_word' id='word_1_379' title='bbox 1594 4582 1684 4636; x_wconf 91' lang='lat' dir='ltr'><strong>gene·</strong></span> 
     </span>
     <span class='ocr_line' id='line_1_37' title="bbox 240 4663 1680 4734; baseline 0.001 -16"><span class='ocrx_word' id='word_1_380' title='bbox 240 4665 355 4721; x_wconf 89' lang='lat' dir='ltr'><strong>ralante</strong></span> <span class='ocrx_word' id='word_1_381' title='bbox 371 4667 460 4720; x_wconf 83' lang='lat' dir='ltr'><strong>tratre</strong></span> <span class='ocrx_word' id='word_1_382' title='bbox 478 4665 566 4720; x_wconf 93' lang='lat' dir='ltr'><strong>Petro</strong></span> <span class='ocrx_word' id='word_1_383' title='bbox 584 4680 689 4734; x_wconf 90' lang='lat' dir='ltr'><strong>passus</strong></span> <span class='ocrx_word' id='word_1_384' title='bbox 708 4669 753 4720; x_wconf 92' lang='lat' dir='ltr'><strong>est</strong></span> <span class='ocrx_word' id='word_1_385' title='bbox 771 4669 823 4734; x_wconf 83' lang='lat' dir='ltr'><strong>pr&#39;o</strong></span> <span class='ocrx_word' id='word_1_386' title='bbox 842 4665 900 4720; x_wconf 88' lang='lat' dir='ltr'><strong>fide</strong></span> <span class='ocrx_word' id='word_1_387' title='bbox 924 4666 1014 4720; x_wconf 84' lang='lat' dir='ltr'><strong>frater</strong></span> <span class='ocrx_word' id='word_1_388' title='bbox 1031 4665 1183 4719; x_wconf 85' lang='lat' dir='ltr'><strong>Jobannes</strong></span> <span class='ocrx_word' id='word_1_389' title='bbox 1208 4664 1311 4719; x_wconf 83' lang='lat' dir='ltr'><strong>Kador</strong></span> <span class='ocrx_word' id='word_1_390' title='bbox 1331 4663 1481 4720; x_wconf 88' lang='lat' dir='ltr'><strong>Armenus</strong></span> <span class='ocrx_word' id='word_1_391' title='bbox 1500 4665 1680 4734; x_wconf 90' lang='lat' dir='ltr'><strong>praedicans</strong></span> 
     </span>
    </p>
   </div>
   <div class='ocr_carea' id='block_1_12' title="bbox 343 4861 1030 5168">
    <p class='ocr_par' dir='ltr' id='par_1_12' title="bbox 343 4861 1030 5005">
     <span class='ocr_line' id='line_1_38' title="bbox 344 4861 1030 4925; baseline 0 -14"><span class='ocrx_word' id='word_1_392' title='bbox 344 4861 410 4911; x_wconf 63' lang='lat'><strong>²01⁴.</strong></span> <span class='ocrx_word' id='word_1_393' title='bbox 428 4862 482 4911; x_wconf 90' lang='lat' dir='ltr'><strong>P1s.</strong></span> <span class='ocrx_word' id='word_1_394' title='bbox 501 4861 519 4910; x_wconf 91' lang='lat' dir='ltr'><strong>l.</strong></span> <span class='ocrx_word' id='word_1_395' title='bbox 537 4875 571 4921; x_wconf 78' lang='grc' dir='ltr'><strong>θ,</strong></span> <span class='ocrx_word' id='word_1_396' title='bbox 589 4862 626 4910; x_wconf 88' lang='lat' dir='ltr'><strong>De</strong></span> <span class='ocrx_word' id='word_1_397' title='bbox 643 4861 781 4925; x_wconf 90' lang='lat' dir='ltr'><strong>provincia</strong></span> <span class='ocrx_word' id='word_1_398' title='bbox 798 4863 895 4911; x_wconf 83' lang='lat' dir='ltr'><strong>Terrae</strong></span> <span class='ocrx_word' id='word_1_399' title='bbox 912 4864 1030 4911; x_wconf 86' lang='lat' dir='ltr'><strong>sanctae.</strong></span> 
     </span>
     <span class='ocr_line' id='line_1_39' title="bbox 343 4941 741 5005; baseline -0.01 -12"><span class='ocrx_word' id='word_1_400' title='bbox 343 4941 407 4993; x_wconf 73' lang='lat' dir='ltr'><strong>&#39;Gi</strong></span> <span class='ocrx_word' id='word_1_401' title='bbox 427 4955 507 5005; x_wconf 83' lang='lat' dir='ltr'><strong>supra</strong></span> <span class='ocrx_word' id='word_1_402' title='bbox 525 4955 569 5004; x_wconf 91' lang='lat' dir='ltr'><strong>pg.</strong></span> <span class='ocrx_word' id='word_1_403' title='bbox 587 4941 628 5000; x_wconf 78' lang='lat'><strong>24,</strong></span> <span class='ocrx_word' id='word_1_404' title='bbox 645 4945 699 4991; x_wconf 87' lang='lat' dir='ltr'><strong>not.</strong></span> <span class='ocrx_word' id='word_1_405' title='bbox 718 4944 741 4990; x_wconf 89' lang='lat' dir='ltr'><strong>b.</strong></span> 
     </span>
    </p>

    <p class='ocr_par' dir='ltr' id='par_1_13' title="bbox 344 5023 627 5087">
     <span class='ocr_line' id='line_1_40' title="bbox 344 5023 627 5087; baseline -0.004 -14"><span class='ocrx_word' id='word_1_406' title='bbox 344 5023 408 5073; x_wconf 79' lang='lat' dir='ltr'><strong>³Cl.</strong></span> <span class='ocrx_word' id='word_1_407' title='bbox 426 5037 505 5086; x_wconf 90' lang='lat' dir='ltr'><strong>supra</strong></span> <span class='ocrx_word' id='word_1_408' title='bbox 524 5036 569 5087; x_wconf 88' lang='lat' dir='ltr'><strong>pg.</strong></span> <span class='ocrx_word' id='word_1_409' title='bbox 587 5024 627 5073; x_wconf 85' lang='grc'><strong>41.</strong></span> 
     </span>
    </p>

    <p class='ocr_par' dir='ltr' id='par_1_14' title="bbox 344 5103 835 5168">
     <span class='ocr_line' id='line_1_41' title="bbox 344 5103 835 5168; baseline 0 -14"><span class='ocrx_word' id='word_1_410' title='bbox 344 5103 408 5154; x_wconf 79' lang='lat' dir='ltr'><strong>‘Cl</strong></span> <span class='ocrx_word' id='word_1_411' title='bbox 428 5106 526 5154; x_wconf 67' lang='lat' dir='ltr'><strong>Cicron.</strong></span> <span class='ocrx_word' id='word_1_412' title='bbox 546 5117 612 5154; x_wconf 78' lang='lat' dir='ltr'><strong>xxiv</strong></span> <span class='ocrx_word' id='word_1_413' title='bbox 625 5117 699 5166; x_wconf 72' lang='lat' dir='ltr'><strong>pen,</strong></span> <span class='ocrx_word' id='word_1_414' title='bbox 717 5118 761 5168; x_wconf 91' lang='lat' dir='ltr'><strong>pg.</strong></span> <span class='ocrx_word' id='word_1_415' title='bbox 779 5104 835 5154; x_wconf 80' lang='grc'><strong>456.</strong></span> 
     </span>
    </p>
   </div>
   <div class='ocr_carea' id='block_1_13' title="bbox 0 0 1812 5678">
    <p class='ocr_par' dir='ltr' id='par_1_15' title="bbox 0 0 1812 5678">
     <span class='ocr_line' id='line_1_42' title="bbox 0 0 1812 5678; baseline 0 0"><span class='ocrx_word' id='word_1_416' title='bbox 0 0 1812 5678; x_wconf 95' lang='lat' dir='ltr'><strong> </strong></span> 
     </span>
    </p>
   </div>
  </div>
 </body>
</html>
